2964 4690
507 315 603 402 64

1237 316 1899 383 COLUMELLA

601 442 758 508 Haec
791 437 996 506 modo
1039 461 1377 530 purpureo
1421 437 1631 530 surgit
1684 435 2039 530 glomerata
2080 437 2429 530 corymhn,

601 547 931 642 Myrteolo
969 545 1169 615 modo
1205 546 1385 615 crine
1426 546 1630 632 viret,
1666 545 2045 638 deflexaque.
2086 543 2259 614 collo

597 659 799 728 Nunc
837 655 1150 749 adoperta
1186 669 1444 742 manet,
1469 679 1651 723 nunc
1690 656 1886 748 pinea
1923 656 2165 722 vertice
2203 655 2473 748 pungit,

598 767 800 836 Nunc
833 762 1063 834 similis
1096 763 1394 850 calath0‚
1430 764 1766 859 spinisque
1803 765 2211 833 minantibus
2250 763 2517 847 horret,
2546 788 2621 829 24⁶>

601 873 855 945 Pallida
889 897 1370 968 nonnunquam
1409 888 1617 942 tortos
1656 873 1953 942 imitatur
1992 872 2328 942 acanthos.

601 988 767 1054 Mox
803 983 920 1052 ubi
958 983 1338 1080 sanguineis
1375 1007 1442 1050 se
1477 983 1752 1052 floribus
1792 982 2011 1050 induit
2047 982 2240 1050 arbos

601 1095 890 1180 Punica,
923 1117 1070 1188 quae
1106 1090 1310 1162 rutilo
1344 1092 1631 1162 mitescit
1678 1092 1967 1185 tegmine
2013 1093 2237 1184 grani,

503 1311 676 1366 ritiem
702 1353 718 1378 ,
769 1324 824 1366 et
882 1325 1264 1384 consequenter
1327 1328 1515 1364 vocem

507 1391 815 1463 strangulat.
845 1395 1032 1444 cantor
1045 1396 1223 1460 Apollo
1253 1403 1411 1444 notus
1436 1402 1516 1443 est

507 1489 572 1524 ex
589 1469 825 1535 Horatio,
845 1471 957 1522 Art.
981 1469 1123 1523 Poet.
1148 1477 1266 1540 407.

576 1550 697 1620 237.
728 1555 847 1600 lia-e
886 1553 1047 1600 modo-
1075 1549 1304 1604 Videtur
1331 1559 1516 1602 auctor

505 1628 713 1682 diversa
733 1624 976 1699 quadam
1004 1645 1190 1698 genere
1218 1627 1517 1681 describere

503 1707 710 1772 cinare,
737 1706 998 1759 hortensis
1021 1706 1240 1776 quidem
1278 1719 1330 1759 et
1368 1725 1514 1760 escu-

500 1785 673 1848 lenta,
693 1803 850 1857 quam
871 1785 1186 1838 recentiores
1203 1786 1280 1837 rei
1299 1784 1515 1838 horten-

501 1863 573 1916 sis
598 1863 752 1935 periti
771 1901 788 1927 ,
815 1863 1019 1916 Linneo
1047 1877 1288 1931 auctore,
1313 1883 1367 1936 p.
1393 1866 1517 1934 728,

501 1943 722 2013 antiquo
765 1942 1024 1996 vocabulo
1075 1947 1323 2009 Scogrmus
1370 1941 1514 1995 desi·

499 2032 684 2090 guent,
710 2032 762 2074 et
778 2019 985 2074 duabus
1007 2021 1189 2074 formis
1209 2020 1513 2074 distinctam

501 2117 612 2152 esee
623 2100 857 2154 tradunt.
874 2099 998 2153 Una
1019 2111 1096 2151 est
1113 2103 1363 2162 aculeata,
1382 2101 1510 2151 alte-

497 2197 556 2232 ru
568 2181 714 2249 foliis
740 2199 839 2230 non
863 2181 1119 2231 aculeatis.
1142 2177 1297 2230 Illum
1322 2176 1512 2230 dicunt

500 2276 613 2312 esse
633 2258 772 2312 foliis
789 2258 1011 2328 spinosis
1028 2296 1042 2321 ,
1065 2275 1285 2328 corpore
1312 2257 1394 2310 vel
1426 2275 1510 2310 ca-

500 2336 671 2408 pitulo
704 2336 839 2390 ovali
858 2377 875 2402 ,
913 2335 1147 2408 squamis
1195 2334 1430 2406 angustis
1458 2349 1511 2389 et

500 2428 794 2469 extrorsum
816 2415 966 2468 flexis
983 2454 999 2480 ,
1021 2416 1198 2468 colore
1217 2414 1472 2467 subviridi
1493 2433 1509 2477 ;

501 2495 714 2547 alteram
729 2502 737 2513 '
751 2494 863 2547 sine
895 2492 1119 2558 aculeis,
1145 2511 1368 2564 corpore
1393 2493 1510 2563 glo·

497 2574 658 2634 boso,
700 2571 932 2642 squamis
975 2572 1090 2623 latis
1115 2583 1170 2624 et
1223 2569 1509 2624 introrsum

499 2652 690 2717 versis,
721 2650 900 2703 colore
936 2650 1199 2703 subfusco.
1219 2649 1510 2721 Utriusque

461 2722 466 2727 ⁸
499 2730 648 2802 signa
673 2730 901 2802 reperies
928 2728 986 2782 iu
1021 2726 1377 2799 descriptione
1403 2728 1508 2781 Co·

501 2809 746 2863 lumelloe.
775 2838 846 2849 -
881 2813 1121 2875 Purpureo
1141 2809 1302 2874 surgit
1320 2811 1511 2874 glome-

499 2902 610 2940 rata
618 2890 1161 2955 corymbo.Glomer-aea,
1175 2883 1350 2938 densis
1371 2884 1512 2936 foliis

495 2964 994 3039 compacta.Florem
1015 2980 1334 3033 purpureum
1349 2962 1513 3014 instar

495 3044 738 3175 {oiymbi
766 3042 969 3095 emittit.
985 3041 1212 3187 ιΡΙίιιίἒιε,
1240 3041 1367 3170 gin.
1384 3042 1509 3185 Nat5

614 3162 630 3189 ,
675 3140 716 3175 s.
746 3140 816 3190 99
845 3138 860 3172 z
904 3144 928 3165 ι
951 3137 982 3171 ι
1004 3131 1085 3170 ter
1160 3137 1250 3171 car
1289 3138 1476 3171 uorum

496 3200 683 3253 florem
703 3214 1031 3269 purpureum
1055 3196 1214 3248 mittit
1240 3196 1375 3249 inter
1401 3216 1509 3249 me-

495 3278 612 3329 dios
629 3277 837 3329 aculeos
851 3314 864 3338 ,
893 3276 1130 3329 celeriter
1147 3287 1511 3328 canescentem

494 3368 546 3408 et
578 3356 861 3408 abeuntem
889 3373 1012 3408 cum
1039 3371 1228 3406 auran.
1321 3350 1324 3355 ’

569 3432 689 3486 238.
727 3436 965 3484 Mur-teoto
995 3432 1058 3483 L.
1083 3443 1136 3483 et
1164 3431 1246 3484 vir
1269 3428 1418 3483 do'ct.
1439 3430 1507 3484 ad

493 3510 614 3564 Ald.
667 3514 904 3576 Ἆγι-τεοῖο
948 3510 1030 3561 Sa.
1089 3512 1330 3573 Myrablio
1381 3511 1507 3581 Arg.

494 3592 724 3656 nyniolo
764 3586 908 3639 edid.
945 3586 1103 3639 Gesn.
1152 3618 1222 3627 —-—
1267 3593 1509 3654 Myr-reolo

494 3672 640 3721 modo
669 3669 821 3719 crine.
860 3670 1144 3731 Myr-ceolum
1181 3678 1332 3719 vocat
1360 3668 1511 3719 verti-

495 3766 611 3801 cem
629 3744 814 3800 cardui
836 3762 867 3797 a
893 3745 1070 3798 colore
1097 3744 1258 3814 myrti
1289 3745 1507 3809 arboris,

495 3825 586 3897 qni
609 3824 738 3877 alias
760 3834 1008 3895 myrteus.
1022 3823 1181 3876 Conf.
1201 3821 1422 3877 Salmas.
1442 3820 1510 3875 ad

495 3902 720 3957 Tertull.
743 3900 811 3954 de
836 3901 962 3954 Pan.
983 3920 1037 3973 p.
1067 3902 1181 3954 180.

569 3984 685 4047 239.
721 3984 975 4048 Adaperea
1011 3982 1070 4031 L.
1111 3982 1192 4033 Se.
1231 3986 1375 4033 Nune
1415 3987 1509 4034 ad-

1601 1325 1769 1380 operta
1797 1325 1964 1362 manet
1981 1350 1996 1375 ,
2041 1310 2078 1363 i.
2108 1328 2155 1362 e.
2199 1326 2342 1362 nunc
2370 1306 2509 1359 foliis
2534 1307 2621 1358 vel

1600 1389 1833 1462 squamis
1872 1389 1981 1442 suis
2017 1389 2255 1460 undique
2296 1387 2539 1440 conclusa
2566 1397 2621 1438 et

1600 1479 1779 1540 operta
1818 1480 1993 1522 manet
2043 1467 2109 1520 ad
2167 1466 2389 1519 modum
2432 1465 2619 1536 globi3

1602 1567 1733 1599 nune
1758 1551 1916 1616 pinea
1944 1551 2131 1600 vertice
2164 1551 2367 1616 pungit,
2410 1545 2465 1596 in
2492 1562 2624 1596 acu·

1602 1638 1715 1680 tum
1765 1628 2013 1681 verticem
2052 1627 2221 1680 instar
2263 1623 2417 1679 nucis
2450 1621 2618 1693 pineae

1601 1705 1887 1777 adsurgens
1910 1705 2111 1777 pungit.
2138 1736 2209 1746 —
2231 1704 2453 1773 PingieJ.
2468 1703 2527 1754 B.
2553 1703 2615 1752 R.

1584 1789 1741 1857 fingit
1756 1790 1893 1858 conj.
1919 1785 2057 1838 Pius.

1676 1870 1796 1926 ²4⁰·
1845 1866 2022 1914 Similis
2068 1865 2264 1914 calatho
2278 1899 2293 1922 ‚
2336 1860 2525 1932 apertis
2564 1871 2617 1912 et

1600 1943 1918 1996 distantibus
1936 1941 2077 1994 foliis
2096 1941 2153 1992 in
2169 1939 2387 1992 modum
2406 1938 2615 2010 calycis.

1602 2025 1980 2073 -Imicantibm
1998 2020 2109 2071 Pol.
2144 2049 2211 2060 --
2230 2021 2388 2086 Spinis
2416 2021 2614 2069 minam

1602 2102 1723 2152 tibus
1750 2104 1914 2152 horr-ee
1925 2137 1942 2161 ,
1981 2099 2160 2170 spinas
2184 2108 2413 2150 arrectas
2436 2095 2616 2150 habet.

1672 2185 1790 2242 241.
1815 2179 2014 2230 Pallida
2047 2195 2401 2244 nonnunquam
2428 2175 2497 2229 de
2522 2194 2613 2228 co-

1599 2256 1711 2308 lore
1748 2254 2007 2308 subviridi
2050 2253 2285 2324 intelligo
2299 2291 2316 2316 ,
2343 2253 2617 2326 quomodo

1599 2360 1624 2379 α
1641 2331 1893 2405 pallentes
1942 2331 2168 2385 herbas·
2218 2344 2271 2384 et
2318 2358 2340 2378 ι
2362 2331 2615 2386 hederam

1596 2411 1877 2484 pellentem
1889 2434 1913 2455 ι
1933 2410 2065 2463 dixit
2077 2410 2619 2481 Virgilium—Aelian-

1597 2506 1673 2543 ιω
1708 2508 1894 2543 omnes
1930 2504 2119 2562 prater
2154 2491 2303 2543 Com.
2340 2520 2413 2530 —-
2445 2496 2617 2543 Tor-cos

1596 2573 1835 2621 acanthos
1854 2607 1871 2630 ‚
1926 2569 2144 2622 inflexos
2172 2609 2189 2635 ,
2240 2568 2375 2622 sicut
2423 2569 2615 2641 virgil.

1595 2647 1789 2719 Georg.
1819 2649 1921 2715 lv,
1960 2664 2037 2700 vs.
2069 2648 2169 2701 223
2188 2689 2204 2714 ,
2246 2673 2269 2696 ιι
2288 2646 2410 2701 flexi
2437 2649 2613 2703 vimen

1598 2726 1808 2779 acanthi
1830 2752 1855 2772 .-
1890 2726 2137 2798 ndpellat.
2177 2732 2432 2779 Acanthus
2445 2765 2462 2790 ,
2498 2726 2617 2781 her-

1596 2806 1679 2858 ba
1718 2823 1913 2858 nomen
1968 2808 1989 2873 (
2004 2806 2195 2858 nostris
2251 2810 2573 2877 Boerenktau)
2598 2844 2613 2871 ,

1598 2888 1749 2956 cujus
1776 2882 2007 2937 adultior
2037 2884 2204 2938 caulis
2226 2883 2445 2938 reflectit
2479 2904 2534 2938 se
2561 2896 2615 2938 et

1597 2964 1764 3035 vergit
1816 2963 1883 3017 ad
1947 2964 2168 3016 hum-mn
2192 3002 2209 3027 ‚
2274 2977 2333 3017 nt
2398 2963 2615 3018 adnotat

1596 3042 1833 3115 Heynius
1852 3041 1921 3095 ad
1942 3042 2089 3113 Virg.
2119 3043 2157 3094 l.
2192 3060 2237 3095 c.
2267 3043 2411 3096 hunc
2440 3044 2612 3115 ipsum

1596 3122 1898 3175 Columella
1911 3111 2088 3173 locum
2114 3124 2439 3193 comparans.
2608 3114 2611 3119 ¹

1670 3206 1787 3262 ²4²·
1809 3203 1985 3251 Imbuic
2008 3203 2158 3251 arbor
2180 3218 2227 3251 a.
2246 3200 2305 3252 P.

1670 3280 1791 3341 ²43·
1814 3282 1973 3330 Rutilo
1994 3281 2201 3330 mitescit
2216 3282 2427 3347 tegmine
2440 3284 2609 3348 grani.

1598 3360 1853 3409 Examina
1876 3361 2123 3429 flammea
2157 3376 2437 3429 granorum
2483 3358 2611 3411 mali

1593 3436 1777 3488 Punici
1803 3436 2009 3490 dicebat
2034 3437 2265 3489 Avienus
2282 3437 2339 3489 in
2358 3454 2521 3490 carm.
2540 3436 2611 3490 nd

1596 3512 1827 3566 Flaviau.
1853 3533 1906 3567 v.
1938 3532 1998 3585 17
2040 3512 2183 3584 (vid.
2219 3513 2337 3586 huj.
2360 3533 2451 3586 op.
2482 3526 2609 3568 tom.

1596 3591 1670 3654 V,
1694 3610 1809 3664 pag.
1830 3594 1947 3647 516.
1974 3594 2104 3661 En.)
2124 3592 2393 3658 Quasdam
2419 3593 2612 3647 herbas

1596 3680 1831 3741 tempore
1862 3671 2099 3725 florentis
2144 3670 2269 3725 mali
2304 3672 2492 3725 Punici
2530 3691 2611 3726 se·

1597 3748 1805 3823 rendae⁸
1822 3749 2133 3821 pracipiunt
2168 3762 2367 3805 veteres
2410 3752 2608 3805 rustici.

1597 3826 1887 3881 Columella
1907 3868 1923 3894 ,
1948 3830 2051 3895 XI,
2094 3830 2125 3883 3
2147 3869 2163 3895 ,
2197 3837 2259 3892 4²
2288 3849 2302 3884 :
2331 3832 2493 3885 «Βοὴ
2512 3830 2611 3885 flo-

1596 3918 1742 3958 rente
1772 3907 1973 3961 Punico
2010 3907 2153 3961 malo
2196 3910 2395 3963 semine
2428 3912 2609 3963 obrui-

1596 3996 1701 4049 tur,
1732 3998 1827 4038 etc.
1848 4012 1873 4031 ι·
