2964 4690
352 395 566 417 m
575 393 2018 422 mmmmmmmummmmm
2025 401 2476 426 mmm-m

1140 655 1704 747 AUSONII

581 809 2318 1064 TECHNOPAEGNIONZ

612 1375 1071 1445 AUSONIUS
1114 1372 1599 1470 PACAT0(1)
1638 1378 2248 1450 PROCONSULI.

461 1582 629 1650 Sc1o
674 1575 854 1646 mihi
907 1573 1103 1673 apud
1151 1575 1326 1646 alios
1383 1599 1522 1674 pro
1557 1573 1826 1648 laboris
1865 1575 2171 1650 modulo
2213 1577 2498 1652 laudem

366 1727 517 1774 ῐιοῐι
550 1723 762 1800 posse
794 1697 1210 1797 procedere.
1243 1701 1480 1790 Quam
1512 1713 1754 1772 tamen
1778 1702 1837 1772 si
1868 1714 1948 1772 tu
1974 1701 2388 1792 indulseris,
2415 1718 2500 1774 ut

367 1827 465 1898 ait
492 1821 877 1897 Afranius
860 1847 937 1892 111
972 1819 1244 1893 Thaide
1263 1821 1367 1918 (2)
1386 1875 1407 1910 ,

541 1982 869 2076 Majorem
904 1980 1169 2050 laudem
1192 1978 1293 2075 (3)
1315 2033 1337 2068 ,
1370 2005 1572 2076 quam
1603 1981 1898 2052 laborem
1937 1983 2274 2054 invenero.

370 2181 549 2269 Quae
596 2179 919 2252 lecturus
964 2203 1075 2265 es,
1120 2179 1619 2277 Monosyllaba
1668 2195 1879 2268 sunt,
1933 2181 2136 2276 quasi
2173 2180 2501 2277 quaedarn

438 2377 644 2430 *Vocis
686 2388 899 2449 etymon
937 2376 1102 2429 habes
1135 2394 1255 2446 pag.
1287 2392 1395 2445 seq.

368 2466 496 2508 nota
513 2455 849 2508 ultima.Vox
872 2452 1295 2521 Technopaessnion
1319 2464 1399 2505 est

370 2534 439 2587 ab
463 2534 701 2585 Ausonio
727 2532 850 2585 fleta
870 2570 889 2597 ,
926 2550 1019 2585 nec
1058 2532 1215 2595 alibi,
1249 2528 1395 2601 quod

372 2612 537 2666 sciam
553 2653 568 2678 ,
598 2611 850 2665 occurrit.
877 2640 945 2651 --
970 2608 1191 2661 Exstant
1219 2622 1395 2661 tumen

371 2690 507 2744 Livii
522 2691 601 2743 vel
618 2690 777 2742 Levii
787 2686 1076 2740 Andronici
1094 2686 1395 2757 cujusdam,

372 2786 533 2843 quem
544 2767 806 2823 Wernsd.
826 2767 966 2820 inter
990 2766 1176 2819 Poetae
1201 2766 1394 2839 lyricos

373 2850 529 2915 citat,
556 2851 923 2917 Emmpaegm’a.
948 2846 1051 2898 Eu.

443 2930 521 2997 (1)
533 2934 737 2981 Pacato.
748 2926 849 2981 Hie
868 2936 946 2979 est
966 2925 1186 2979 Latinus
1204 2924 1398 2996 Drepa-

346 3040 352 3045 ·
375 3008 498 3062 nius
516 3008 755 3061 Pacatus.

448 3089 525 3157 (²)
566 3094 629 3139 Ue
673 3089 748 3137 ait
790 3086 1033 3152 Afranius
1091 3086 1143 3135 ἰπ
1196 3085 1397 3135 naida.

377 3166 533 3219 Unus
572 3183 635 3218 ex
674 3163 859 3217 decem
896 3162 1113 3216 comicis
1154 3162 1246 3233 qui
1284 3172 1401 3233 post

376 3240 591 3298 Livium
632 3242 997 3295 Andronicum
1056 3241 1403 3309 claruerunt·

376 3326 627 3380 Terentio
668 3324 883 3398 junior,
924 3335 986 3377 ut
1028 3335 1177 3394 patet
1222 3341 1285 3375 ex
1337 3342 1401 3376 eo

380 3406 587 3458 Afranii
622 3423 783 3459 versu
822 3422 983 3475 quem
1028 3402 1238 3475 adlegat
1264 3402 1401 3455 Vos-

380 3484 521 3538 sius:
561 3508 586 3529 α
602 3483 853 3537 Terentio
875 3502 984 3537 non
1010 3482 1233 3536 similem
1262 3478 1403 3533 dices

381 3560 687 3637 quempiam
710 3587 749 3614 ι.
776 3561 1010 3627 Afranii,
1050 3560 1277 3627 Caecilii,
1304 3559 1405 3611 Te-

381 3642 646 3715 rentiique
678 3660 841 3715 opera
862 3662 871 3667 ·
889 3641 1073 3695 dulces
1103 3640 1276 3693 Latini
1306 3656 1405 3691 ser-

383 3724 556 3777 monis
584 3721 799 3775 facetias
816 3720 1057 3775 floruisse
1080 3719 1239 3773 tradit
1261 3718 1400 3771 vell.

384 3800 642 3856 Putea-cul.
662 3800 755 3853 lib.
780 3800 821 3852 1.
850 3800 1065 3871 Togatis
1106 3796 1407 3853 excelluisse

388 3881 667 3935 Afranium
699 3890 885 3933 auctor
922 3879 1149 3945 Quintil.
1188 3878 1279 3933 lib.
1320 3878 1375 3929 X
1392 3918 1410 3944 ,

387 3978 506 4033 cup.
540 3980 586 4027 ι,
620 3972 674 4013 at
697 3958 937 4012 moribus
962 3956 1121 4012 fuisse
1156 3956 1408 4029 perditis3

387 4038 531 4092 unde
571 4038 713 4093 idem
748 4036 975 4104 Quintil.
1007 4038 1079 4089 ait
1109 4055 1123 4089 ε
1152 4062 1177 4082 σι
1196 4034 1408 4089 Utinam

1482 2402 1594 2436 non
1626 2384 1946 2459 inquinasset
1983 2395 2294 2455 argumenta
2315 2404 2506 2456 puero-

1481 2478 1605 2511 rum
1647 2449 1799 2518 foedis
1831 2462 2136 2529 amoribus,
2173 2483 2348 2547 mores
2381 2482 2507 2548 suos

1485 2530 1710 2585 fassus..
1737 2503 2136 2596 Menandrum
2111 2534 2371 2607 praecipue
2383 2536 2506 2589 imi·

1480 2620 1621 2661 tatus
1660 2622 1768 2675 est,
1807 2623 1858 2663 et
1894 2613 1962 2665 ab
1999 2613 2116 2685 ipso
2146 2614 2406 2683 permulta
2451 2632 2509 2669 se

1480 2688 1760 2759 sumpsisse
1823 2708 1932 2743 ιιοιι
1995 2692 2288 2759 diffitetur,
2348 2706 2408 2745 ut
2451 2693 2510 2745 in

1485 2766 1904 2838 Compitalibus,
1943 2768 2037 2823 ubi
2073 2770 2508 2827 obtrectatoribus

1484 2844 1594 2898 tuis
1621 2844 1944 2922 respondens
1970 2847 2086 2901 haec
2114 2849 2218 2901 ait:
2258 2849 2509 2917 Fateor,

1487 2923 1688 2994 sumpsi
1736 2942 1845 2976 non
1893 2943 1924 2978 a
1967 2926 2264 2981 Menandro
2311 2928 2474 2983 modo
2493 2970 2511 2996 ‚

1486 3001 1589 3057 sed
1618 3014 1677 3054 ut
1707 3003 1936 3075 quisque
1959 3004 2144 3059 habuit
2161 3045 2178 3071 ,
2203 3006 2352 3081 quod
2376 3026 2507 3071 oon-

1487 3081 1690 3135 veuiret
1725 3082 1888 3137 mihi.
1875 3104 1889 3115 ·
1912 3084 2074 3149 Quod
2103 3104 2189 3138 me
2217 3104 2325 3139 nou
2357 3106 2509 3157 posse

1489 3162 1677 3215 melius
1715 3161 1888 3216 facere
1914 3163 2175 3218 credidi».
2213 3166 2508 3221 Intercide-

1490 3252 1614 3293 runt
1647 3240 1879 3313 ejusdem
1908 3244 2130 3315 scripta,
2167 3244 2268 3297 nisi
2299 3246 2444 3319 quod
2478 3265 2509 3300 u

1489 3318 1756 3373 veteribus
1781 3319 2156 3375 Grammaticis
2178 3323 2420 3395 quadam
2445 3344 2512 3379 ex

1491 3399 1682 3451 fabulis
1731 3400 1895 3454 variis
1953 3402 2072 3456 loca
2123 3404 2508 3474 proferuntur.

1491 3496 1610 3551 quae
1641 3474 1764 3531 vide
1800 3479 1938 3533 inter
1967 3494 2205 3535 veterum
2231 3482 2510 3537 Poetarum

1493 3558 1818 3628 fragmenta,
1857 3558 1952 3611 ubi
1991 3559 2265 3614 miraberis
2301 3580 2512 3617 versum

1493 3636 1560 3687 ab
1597 3636 1833 3688 Ausonio
1867 3636 2166 3703 laudatum,
2199 3665 2228 3685 «ι
2249 3640 2512 3712 Majorem

1493 3713 1700 3768 laudem
1716 3754 1732 3781 ‚
1753 3734 1915 3787 quam
1935 3717 2168 3771 laborem
2189 3719 2444 3773 invenero
2459 3745 2483 3764 -
2500 3760 2516 3785 ,

1495 3790 1781 3847 desiderari
1800 3834 1816 3860 ,
1841 3796 2024 3849 saltem
2049 3797 2106 3849 in
2133 3796 2221 3851 ed.
2244 3797 2416 3851 Lond.

1566 3876 1642 3945 (3)
1663 3878 1906 3947 Major-em
1931 3883 2142 3931 laudem.
2171 3878 2276 3932 Hic
2305 3890 2380 3932 est
2403 3898 2512 3931 ver-

1497 3972 1589 4007 sus
1621 3954 1864 4025 senar-im
1907 3975 1974 4011 ex
2016 3957 2216 4011 Afranii
2261 3957 2516 4011 eomoedia

1497 4045 1702 4105 togata,
1727 4033 1814 4087 cui
1839 4052 2030 4091 nomen
2052 4036 2232 4089 Thais.

2119 4125 2230 4208 34.
