2964 4690
503 405 633 477 ¹9⁰
915 379 1571 450 TESTIMONIA
1620 380 1747 446 ET
1798 379 2212 449 JUDICIA

487 533 634 595 sus,
677 510 742 574 in
789 509 974 590 cujus
1009 507 1500 597 impurissimis,
1532 508 2017 573 carminibusue
2036 556 2055 591 ,
2089 531 2171 572 an
2206 507 2589 574 criminibus
2608 557 2627 590 ,

489 617 752 684 dicam?
781 617 890 681 hic
913 637 1180 705 quoque
1211 616 1383 679 inter
1413 631 1641 680 caetera
1675 629 2079 704 pentameter
2102 635 2497 682 occursurus
2532 632 2631 680 est

483 726 602 791 tibi
626 749 642 789 ε

769 865 955 921 Carnis
981 865 1051 919 ad
1077 863 1319 919 officium
1344 883 1536 919 carnea
1566 865 1806 918 membra
1835 863 2058 937 placent.

483 1025 576 1088 Ut
601 1023 776 1087 enim
809 1043 1044 1086 carnea
1076 1021 1354 1084 membra
1397 1023 1517 1085 ista
1537 1069 1557 1105 ,
1602 1043 1725 1109 pro
1769 1021 2053 1085 carnosis
2098 1036 2164 1084 ct
2200 1003 2584 1107 succiplenis
2604 1067 2623 1102 ,

485 1129 868 1194 auctoritate
898 1125 1208 1192 Martialis
1224 1173 1243 1208 ,
1278 1127 1393 1216 qui
1435 1129 1762 1191 car-narius
1786 1149 1925 1190 sum
1938 1173 1960 1208 ,
1997 1123 2226 1190 eodem
2263 1123 2400 1190 sere
2430 1124 2629 1214 signi-

485 1235 678 1301 ficatu
715 1233 1017 1325 princeps
1053 1233 1230 1296 visus
1262 1231 1649 1323 procedere,
1686 1230 2075 1296 defensitare
2100 1230 2365 1296 facultas
2398 1231 2484 1295 sit
2510 1252 2628 1294 no-

483 1343 622 1426 bis5
653 1340 813 1406 illud
839 1358 1056 1405 tamen
1086 1363 1216 1429 qua
1247 1340 1499 1404 ratione
1536 1340 1689 1404 ferri
1722 1339 1957 1428 possit,
1998 1360 2133 1402 non
2161 1335 2351 1401 video
2368 1384 2387 1419 ,
2410 1339 2627 1401 carnis

479 1447 764 1536 <fficium
781 1494 806 1528 ,
832 1471 954 1537 pro
987 1447 1261 1512 Veneria
1290 1447 1582 1535 corporis
1606 1445 2069 1527 oblectatione,
2098 1466 2298 1533 reque
2324 1445 2623 1531 volupta-

482 1573 622 1620 tum
643 1603 664 1637 ,
709 1555 1000 1643 positum
1045 1575 1185 1618 esse
1205 1601 1224 1635 ,
1266 1551 1443 1640 apud
1493 1575 1604 1616 eos
1654 1549 1914 1640 utique,
1964 1551 2079 1639 qui
2116 1550 2382 1630 Latine,
2422 1571 2623 1638 quam

479 1661 782 1743 barbare,
816 1659 997 1748 loqui
1033 1660 1288 1747 potius,
1317 1659 1418 1722 vel
1445 1658 1809 1746 scriptitare
1836 1679 1905 1722 se
1936 1656 2203 1724 student
2223 1705 2244 1739 ,
2276 1671 2398 1721 etc.

481 1873 664 1938 XIII.
713 1870 943 1936 HIER.
981 1871 1399 1940 COLUMNA
1436 1869 1521 1934 ad
1558 1870 1753 1935 Ennii
1800 1870 2026 1961 fragm.
2088 1893 2236 1960 pag.
2293 1869 2415 1958 178
2463 1867 2621 1934 edit.

1451 1978 1638 2043 Hess.

568 2159 909 2226 Cornelius
938 2158 1192 2241 Gallus,
1220 2159 1405 2238 cujus
1429 2161 1485 2224 si
1510 2179 1810 2249 germana
1836 2177 2022 2244 sunt,
2053 2185 2196 2250 quae
2220 2161 2287 2226 in
2318 2161 2621 2250 manibus

479 2266 794 2331 habemus
814 2314 832 2348 ,
869 2265 1062 2330 effeta
1087 2265 1220 2344 jam
1250 2263 1440 2330 Musa
1475 2266 1737 2332 videtur
1762 2267 2069 2332 cecinisse
2091 2267 2269 2359 Eleg.
2300 2270 2356 2352 1,
2382 2289 2559 2347 2212,

759 2438 924 2491 Ortus
951 2448 1140 2492 cuncta
1163 2453 1287 2491 suos
1307 2448 1555 2510 repetunt
1572 2478 1589 2505 ,
1613 2448 1947 2511 matremque
1964 2438 2245 2511 requirunt
2260 2480 2275 2506 ‚
2301 2449 2404 2493 ete.

476 2640 651 2705 XIV.
712 2637 975 2705 MART.
1022 2638 1222 2706 ANT.
1267 2640 1637 2707 DELRIUS
1697 2644 1766 2706 in
1816 2646 2187 2711 Comment.
2240 2644 2322 2709 ad
2360 2644 2627 2710 Senecae

718 2745 978 2837 Hippoi.
1019 2744 1194 2811 Part.
1244 2746 1307 2811 II
1345 2746 1677 2837 syntagm.
1712 2748 1901 2839 Trag.
1932 2750 2067 2815 Lat.
2096 2772 2240 2840 pag.
2276 2749 2384 2837 93.

565 2938 995 3009 Maximianus
1016 2993 1034 3026 ,
1069 2945 1138 3007 in
1173 2946 1432 3033 querela
1469 2948 1851 3029 senectutis,
1888 2950 2067 3039 Eleg.
2096 2950 2211 3048 TV,
2252 2952 2375 3017 26:

758 3096 915 3151 Certe
938 3095 994 3167 di
1000 3094 1160 3150 fficile
1185 3109 1262 3151 est
1288 3099 1615 3154 abscondere
1637 3102 1865 3173 pectoris
1892 3102 2066 3175 ignes,

827 3182 1087 3237 Panditur
1111 3195 1165 3238 et
1191 3184 1372 3242 clauso
1393 3187 1585 3259 soepius
1610 3208 1703 3243 ore
1724 3189 1894 3244 furor.

475 3342 779 3406 Furor-em
821 3343 1043 3430 posuit
1090 3364 1210 3431 pro
1263 3365 1517 3426 amore,
1554 3362 1675 3410 etc.
1734 3346 1883 3410 Dixi
1925 3362 2143 3411 autem
2183 3347 2625 3413 Maximianus

473 3470 623 3513 cum
677 3448 1053 3513 auctoribus
1104 3448 1484 3538 Sophologii
1506 3498 1523 3531 ,
1581 3451 1969 3525 etPoeticae
2022 3452 2423 3542 Margaritae3
2474 3476 2622 3519 non

471 3576 624 3619 cum
662 3553 856 3641 vulgo
889 3554 1233 3618 Cornelius
1269 3553 1516 3619 Gallus.
1550 3555 1647 3619 Ex
1674 3555 1883 3623 tribus
1918 3558 2095 3622 enim
2124 3558 2457 3627 codicibus
2482 3582 2623 3627 ma·

473 3659 822 3747 nuscriptis
865 3661 1195 3748 comperi,
1245 3660 1425 3726 hunc
1474 3661 1939 3728 Maximianum
1962 3713 1981 3747 ,
2038 3666 2152 3753 qui
2206 3668 2623 3756 temporibus

471 3763 726 3829 Boethii
761 3764 918 3829 vixit
937 3813 957 3845 ,
992 3786 1304 3830 versuum
1347 3766 1611 3832 illorum
1656 3790 1791 3833 non
1842 3770 2027 3835 valde
2074 3772 2439 3860 lepidorum
2494 3797 2625 3839 au-

467 3887 714 3936 ctorem
745 3892 901 3936 esse.
931 3870 1117 3937 Unus
1147 3872 1348 3937 codex
1376 3896 1579 3962 penes
1616 3898 1721 3941 me
1747 3893 1845 3941 est
1877 3876 2055 3941 dono
2081 3878 2245 3945 Lud.
2284 3880 2621 3947 Cari-ionis

465 3978 570 4041 JC.
609 3978 768 4042 alter
803 3998 1001 4067 penes
1047 3976 1376 4043 Victorem
1417 3979 1781 4047 Giselinum
1818 3980 2191 4049 Medicum:
2230 3986 2457 4051 tertius
2484 3986 2625 4053 fuit

468 4084 573 4146 Fr.
609 4082 893 4149 Martinii
928 4082 1328 4167 Gaudensis,
1355 4087 1543 4151 amici
1579 4088 1705 4152 mei
1734 4087 1984 4171 intimi,
2018 4106 2139 4154 etc.
