2964 4690
519 305 650 376 150
1058 307 1398 376 VARIAE
1455 305 2085 377 SENTENTIAE

509 459 654 502 sum
689 435 890 522 ipsius
925 433 1226 498 detortas.
1265 435 1288 518 (
1311 435 1455 500 vid.
1488 435 1950 520 Testimonia.)
1982 434 2147 515 Quae
2172 431 2487 496 sententia
2511 455 2635 520 pro

507 563 654 606 vera
699 539 898 626 accipi
947 540 1014 602 in
1061 555 1313 604 tantum
1356 555 1603 627 potest,
1645 555 1719 603 ut
1758 539 2221 606 Maximianum
2258 557 2635 602 censeamus

507 647 786 710 carmina
815 668 928 708 sua
956 667 1138 734 paene
1166 661 1298 710 tota
1330 645 1412 709 ad
1439 647 1705 734 genium
1737 661 2029 710 veterum
2056 659 2397 732 poetarum
2418 692 2436 725 ‚
2468 659 2533 708 et
2564 643 2635 706 in

509 753 608 816 his
641 754 806 816 forte
837 751 1000 816 Gaui
1015 799 1035 831 ,
1057 767 1255 838 atque
1279 775 1360 814 ex
1385 772 1613 816 eorum
1641 750 1983 839 phrasibus
2013 767 2079 814 et
2102 749 2438 814 sententiis
2464 771 2637 813 com-

509 857 800 946 posuisse
818 904 839 937 ,
869 855 1050 943 quod
1083 857 1218 944 ipsa
1249 856 1613 946 Elegiarum
1654 856 1845 922 lectio
1880 877 2416 942 unumquemque
2450 853 2637 918 facile

507 963 720 1027 docet.
766 962 890 1026 Alii
923 983 1118 1050 porro
1155 962 1614 1026 Maximianum
1653 960 1916 1050 quidem
1939 1010 1958 1044 ,
2002 959 2184 1026 Gallo
2224 960 2485 1048 penitus
2518 981 2633 1024 ex-

507 1069 688 1134 cluso
707 1117 724 1150 ,
761 1084 1093 1132 auctorem
1139 1067 1381 1132 habent
1396 1115 1414 1148 ,
1455 1066 1571 1132 sed
1615 1089 1767 1131 eum
1799 1088 1947 1130 cum
1982 1065 2107 1130 alio
2142 1065 2637 1152 recentioreque

511 1171 949 1238 confundunt.
997 1172 1120 1236 Th.
1165 1170 1539 1253 Reinesius,
1574 1171 1775 1260 Epist.
1823 1170 2095 1234 LXXXI
2126 1168 2209 1234 ad
2240 1168 2593 1234 Daumium
2612 1215 2635 1248 ‚

507 1301 649 1368 pag.
699 1300 820 1366 207
846 1327 865 1359 ‚
909 1277 1372 1342 Maximianum
1419 1278 1725 1365 opinatur
1774 1275 2060 1340 confinio
2109 1275 2321 1338 saeculi
2366 1273 2527 1340 sexti
2570 1290 2638 1338 et

507 1383 762 1472 septimi
821 1382 1020 1448 fuisse
1077 1403 1154 1445 ex
1217 1380 1468 1446 Abbate
1529 1380 1898 1446 Monasoerii
1950 1379 2017 1444 S.
2069 1378 2363 1467 Gregorii
2410 1379 2635 1444 Romoe

507 1489 905 1576 Episcopum
951 1489 1424 1576 Syracusanum
1445 1535 1462 1568 ‚
1510 1486 1909 1553 carissimum
1950 1484 2264 1574 Gregorio
2306 1484 2395 1556 M.
2434 1501 2503 1549 et
2536 1485 2638 1549 fa·

387 1595 398 1608 ⁸
511 1585 821 1664 miliarem
854 1594 1267 1661 literatorem.
1304 1590 1503 1674 Quod
1535 1591 1906 1670 Reinesium
1942 1591 2212 1654 sensisse
2246 1611 2640 1679 magnopere

513 1697 890 1788 indignatur
927 1700 1147 1762 Iustus
1188 1699 1627 1778 FontaninuS,
1664 1696 1827 1762 Hist.
1864 1696 1957 1760 lit.
1992 1695 2208 1782 Aquil.
2240 1717 2381 1784 pag.
2420 1694 2535 1784 57,
2570 1711 2641 1760 et

515 1803 1078 1870 mendacissimum
1113 1820 1560 1868 commentum
1590 1819 1797 1868 vocat.
1828 1802 2211 1884 Enimvero,
2248 1801 2496 1888 inquit,
2526 1801 2640 1866 hic

517 1911 946 1975 Maximianus
989 1909 1115 1972 fuit
1156 1909 1255 1972 vir
1297 1909 1769 1986 sanctissimus,
1810 1908 1893 1972 ita
1942 1923 2015 1972 ut
2051 1907 2294 1995 absque
2331 1905 2495 1972 foeda
2530 1930 2643 1972 ca-

513 2015 758 2082 lumnia
814 2013 904 2078 illi
959 2012 1279 2103 adsignari
1339 2031 1671 2101 nequeant
1719 2014 1932 2102 elegiae
1992 2013 2263 2076 omnino
2314 2013 2637 2099 profana,

511 2121 770 2209 ineptiis
815 2136 880 2184 et
923 2119 1307 2208 turpissimis
1351 2119 1682 2184 amoribus
1723 2117 1805 2184 ad
1839 2141 2141 2184 nauseam
2174 2118 2457 2194 refertoe,
2491 2140 2643 2206 quae

513 2225 867 2291 dedeceant
906 2247 1042 2289 non
1079 2223 1290 2290 solum
1329 2224 1683 2306 Abbatem,
1714 2223 2108 2313 Episcopum
2142 2239 2209 2286 et
2240 2222 2451 2287 virum
2486 2245 2642 2288 san·

518 2348 695 2397 ctum
718 2380 738 2415 ,
787 2331 901 2418 qui
951 2329 1076 2395 fuit
1109 2329 1280 2395 idem
1317 2329 1787 2413 Maximianus,
1825 2328 1938 2395 sed
1978 2350 2461 2417 quemcumque
2510 2327 2641 2394 ho·

517 2437 714 2501 neatis
779 2452 846 2501 et
906 2436 1268 2503 obiistianis
1325 2436 1617 2501 moribus
1679 2436 1897 2525 paullo
1951 2434 2264 2501 deditum.
2308 2435 2645 2499 Hactenus

512 2542 938 2605 Fontaninus.
977 2540 1102 2605 Sed
1150 2557 1393 2605 tantam
1427 2540 1943 2629 indignationem
1981 2540 2087 2604 vix
2130 2540 2368 2607 meruit
2398 2540 2642 2605 Reine·

512 2646 680 2728 sius,
714 2646 828 2733 qui
861 2646 914 2709 si
951 2645 1416 2712 Maximianum
1443 2645 1839 2733 Episcopum
1866 2662 2107 2711 temere
2133 2661 2463 2711 auctorem
2486 2646 2643 2709 Ele-

511 2754 762 2843 giarum
804 2752 1290 2840 pronuntiavit,
1331 2774 1468 2815 non
1516 2751 1908 2839 malignitate
1928 2798 1949 2833 ,
1981 2749 2097 2815 sed
2136 2772 2355 2815 errore
2398 2766 2465 2815 et
2510 2749 2641 2813 im·

507 2855 850 2946 prudentia
889 2857 982 2920 sic
1023 2856 1179 2921 fecit
1200 2903 1219 2938 ,
1265 2854 1444 2944 quod
1481 2856 1765 2921 carmina
1802 2877 1875 2919 ea
1922 2876 2057 2919 non
2103 2868 2395 2921 accurate
2433 2854 2647 2941 perle-

511 2979 708 3052 gerat.
763 2961 963 3044 Quod
1017 2962 1070 3025 si
1123 2982 1351 3026 eorum
1407 2977 1864 3050 argumentum
1912 2976 2087 3025 recte
2134 2961 2469 3049 cognitum
2519 2958 2644 3023 ha·

513 3067 798 3149 buisset,
831 3064 1010 3129 haud
1058 3064 1255 3131 dubie
1291 3064 1521 3131 fuisset
1550 3065 1847 3131 futurum
1871 3114 1889 3149 ,
1926 3081 2004 3132 ut
2040 3066 2201 3131 tanti
2240 3066 2357 3129 Vir
2378 3062 2648 3147 judicii,

511 3196 706 3261 quam
741 3170 1009 3259 indigna
1047 3169 1186 3235 haec
1234 3186 1499 3235 auctore
1546 3185 1760 3236 essent
1780 3220 1798 3249 ,
1848 3171 2042 3237 sacris
2075 3170 2453 3235 muneribus
2484 3168 2647 3234 fun·

511 3293 702 3366 gente
723 3324 742 3357 ,
788 3275 962 3343 ultro
1005 3274 1395 3363 perspiceret
1436 3291 1502 3339 et
1544 3274 1975 3364 profiteretur.
2026 3276 2391 3339 Recentiori
2421 3273 2647 3340 adhuc

513 3382 682 3445 aetati
723 3381 1186 3445 Maximianum
1224 3379 1517 3471 adsignat
1548 3380 1911 3447 Bernardus
1942 3378 2206 3447 Moneta
2242 3382 2310 3445 in
2349 3380 2649 3447 Additio-

509 3488 702 3551 nibus
735 3484 817 3549 ad
843 3486 1224 3574 Menagiana
1245 3533 1262 3567 ‚
1308 3502 1467 3549 tom.
1501 3485 1567 3569 Ι,
1598 3509 1664 3573 p.
1706 3486 1871 3569 3383
1902 3486 2016 3551 ubi
2043 3509 2195 3551 eum
2228 3487 2491 3567 conjicit
2518 3486 2643 3551 ali·

509 3610 672 3682 quot
707 3592 894 3655 annis
931 3591 1166 3655 saeculo
1199 3591 1454 3657 decimo
1473 3640 1494 3673 ‚
1528 3607 1593 3656 et
1618 3592 1887 3657 fortasse
1912 3592 2263 3659 undecimo
2280 3640 2303 3674 ,
2334 3593 2649 3681 posterio-

505 3721 645 3763 rem
685 3696 885 3761 fuisse
904 3744 924 3779 ,
955 3696 1076 3761 hac
1107 3712 1362 3761 tantum
1406 3688 1655 3763 ratione
1686 3696 1957 3773 ductus,
1995 3697 2176 3784 quod
2210 3712 2361 3763 ante
2390 3720 2643 3763 annum

513 3808 680 3883 ¹24⁰
713 3826 850 3867 non
887 3802 1163 3891 reperiat
1193 3804 1332 3885 ejus
1363 3804 1765 3869 mentionem
1796 3803 1879 3867 ab
1910 3802 2046 3869 ullo
2068 3804 2380 3892 scriptore
2406 3805 2643 3869 factam

504 3934 658 3977 esse.
709 3908 963 3999 Nempe
995 3911 1160 3975 circa
1202 3909 1380 3975 hunc
1419 3933 1667 3975 annum
1696 3908 2129 3977 Alexandrum
2166 3909 2249 3975 de
2271 3909 2437 3975 Villa
2478 3910 2641 3992 Dei,

499 4016 907 4106 indignatum
950 4016 1128 4107 quod
1175 4016 1548 4081 Maximiani
1594 4040 1779 4106 nugae
1831 4017 1895 4081 in
1956 4016 2191 4081 scholis
2231 4016 2643 4103 legerentur,
