2964 4690
1151 425 1569 494 HOSIDII
1628 426 1927 495 GETAE

964 545 1110 612 Fati
1142 547 1470 640 sortisque
1500 543 1773 616 futurae!

862 655 994 747 Spe
1023 653 1310 724 multum
1343 669 1581 764 captus
1612 655 1794 724 inani

964 766 1220 834 Mactat
1251 765 1334 836 de
1365 789 1555 835 more
1588 763 1887 833 bidentes

865 872 1252 970 Phoeboque
1283 875 1595 970 patrique
1630 877 1827 968 Lyaeo
1850 925 1870 960 ‚

963 986 1094 1054 Cui
1123 983 1340 1055 vincla
1367 983 1623 1080 jugalia
1658 1007 1833 1053 curae
1863 1008 1878 1051 z

867 1094 1315 1190 Cumulatque
1343 1094 1583 1164 altaria
1612 1093 1825 1167 donis,

965 1209 1278 1276 Tremere
1310 1207 1537 1275 omnia
1569 1205 1709 1274 visa
1744 1217 2016 1298 repente
2036 1256 2055 1289 ‚

871 1313 1086 1382 Fibrae
1121 1315 1444 1410 adparere
1477 1315 1771 1384 minaces
1791 1367 1810 1402 ,

963 1427 1114 1495 Vox
1151 1426 1409 1497 reddita
1445 1426 1658 1496 fertur
1694 1425 1781 1496 ad
1821 1447 2052 1492 aures:

871 1535 1212 1606 Thalamis
1245 1562 1381 1608 neu
1418 1536 1615 1608 crede
1646 1534 1895 1630 paratis
1917 1587 1936 1620 ,

969 1649 1199 1717 Funus
1228 1647 1497 1718 crudele
1531 1645 1807 1715 videbis.

873 1756 1259 1850 Carpebant
1293 1759 1595 1828 membra
1630 1757 1967 1852 quietem,

970 1865 1302 1936 Animalia
1341 1891 1615 1937 somnus
1648 1864 1972 1950 habebat,

873 1975 1090 2046 Fen-ali
1125 1977 1422 2046 carmine
1462 1978 1646 2047 bubo

969 2085 1052 2154 In
1087 2085 1320 2155 fletum
1353 2086 1598 2157 ducere
1632 2110 1827 2156 voces
1848 2140 1867 2173 ‚
2553 2101 2624 2138 ναῖ’

876 2193 1126 2264 Tristes
1160 2196 1513 2266 denuntiat
1550 2199 1703 2266 iras.

969 2305 1140 2394 Quae
1183 2319 1369 2376 tanta
1407 2307 1665 2377 insania
1688 2361 1707 2394 ‚
1743 2307 1947 2393 civeS,

873 2412 1100 2486 Velati
1137 2432 1440 2512 tempora
1477 2420 1679 2488 ramis
1698 2470 1718 2505 ‚

487 2598 592 2679 liu}
609 2622 889 2678 videbam·
913 2626 1249 2703 Kmmayero
1266 2630 1334 2685 ad
1351 2632 1513 2685 Proh.

493 2704 707 2758 Falcon-
731 2702 887 2757 Ceut.
920 2706 988 2759 N.
1023 2708 1094 2760 Τ.
1135 2728 1252 2782 cap.
1286 2710 1336 2773 1,
1371 2730 1421 2763 v.
1449 2730 1513 2775 ο,

493 2788 586 2840 ubi
611 2796 791 2838 tamen
801 2787 1022 2852 priorum
1043 2786 1098 2841 in
1117 2788 1199 2842 ed.
1223 2788 1434 2843 Aldina.

569 2884 592 2919 1
605 2866 686 2919 18.
705 2865 868 2915 Fibrae
885 2870 1132 2935 adparere
1148 2871 1381 2920 minaces.
1395 2868 1515 2921 Ma·

496 2944 545 3000 le
580 2946 637 2998 in
666 2942 875 2997 schedis
897 2944 1114 2998 Salmas.
1142 2958 1194 2999 et
1217 2945 1339 2999 eod.
1367 2945 1518 2999 Leid.

491 3014 787 3097 adstat-nere,
819 3023 966 3095 quod
991 3038 1160 3077 metro
1181 3024 1521 3091 adversatum

493 3108 735 3174 adpaoere
763 3114 908 3160 recte
935 3100 1100 3157 edidit
1119 3103 1439 3169 Scriverius,
1464 3116 1524 3157 ut

498 3202 556 3236 ex
578 3181 995 3256 precedentibus
1019 3186 1240 3233 Demere
1259 3185 1425 3234 omnia
1445 3186 1525 3235 vi-

498 3282 558 3314 sa
586 3280 809 3333 repente,
847 3261 938 3315 hic
957 3262 1106 3332 quasi
1135 3263 1233 3314 ἀπὸ
1261 3268 1345 3315 τοῦ
1365 3270 1522 3315 κοινοῦ

494 3354 765 3413 repetatur
788 3362 802 3397 t
829 3342 935 3392 «Et
965 3340 1085 3394 visae
1101 3340 1250 3393 fibrae
1268 3340 1521 3413 adparere

498 3422 728 3475 minaces
743 3438 789 3485 »3
819 3432 872 3473 et
889 3420 968 3472 sic
983 3419 1040 3471 in
1055 3420 1285 3491 Virgilio
1306 3420 1517 3492 legitur;

499 3498 594 3553 sed
623 3501 712 3552 ubi
744 3498 1034 3553 infinitivus
1077 3498 1165 3552 ille
1195 3497 1460 3572 dependet
1489 3520 1520 3553 a

499 3580 733 3651 sequenti
767 3596 896 3632 voce
931 3580 1159 3641 cessarit,
1191 3578 1388 3651 Georg.
1423 3578 1519 3632 lib.

493 3660 520 3711 1
541 3696 556 3722 ,
593 3659 697 3721 484
719 3678 732 3709 ε
758 3676 895 3710 -nec
929 3670 1168 3729 tempore
1193 3654 1381 3710 eodem
1399 3658 1523 3711 Tri·

494 3736 662 3792 stibus
697 3748 790 3789 aut
823 3738 952 3789 extis
977 3736 1125 3789 fibro
1149 3736 1402 3809 adparere
1429 3737 1529 3790 mi—

499 3834 654 3871 naces
674 3858 689 3883 ,
737 3818 844 3868 Aut
881 3814 1050 3886 puteis
1103 3834 1322 3869 manare
1366 3837 1527 3871 cruor

503 3896 722 3951 oesuvit
745 3918 768 3942 ο
785 3936 796 3947 .

579 3994 598 4028 ι
611 3994 693 4028 so.
735 3976 984 4027 Thalamis
1012 3992 1106 4025 neu
1133 3978 1277 4025 crede
1289 3978 1482 4042 paratis
1506 3996 1524 4023 .-

504 4057 575 4109 ita
605 4056 659 4107 in
689 4052 896 4109 schedis
915 4052 1078 4118 MSS,
1105 4064 1158 4105 et
1177 4052 1320 4125 apud
1351 4054 1523 4125 ipsum

507 4136 554 4184 V
559 4134 692 4205 irgil.
725 4136 845 4186 AEn.
875 4132 998 4199 VII,
1027 4150 1094 4203 97
1113 4151 1126 4185 ε
1148 4152 1212 4185 ne
1231 4137 1378 4185 crede
1404 4132 1523 4187 edi·

1610 2631 1690 2685 dit
1706 2630 2002 2685 Scriverius
2021 2669 2037 2695 ‚
2062 2626 2207 2701 quod
2224 2628 2284 2681 in
2308 2628 2425 2681 solo
2450 2626 2627 2699 Virgi-

1609 2713 1669 2765 lii
1692 2712 1969 2767 Wittiano
1994 2710 2180 2765 codiee
2204 2708 2411 2781 legitur.

1687 2798 1805 2858 124.
1829 2796 2076 2864 Infleeum
2098 2794 2275 2843 &acere
2294 2806 2460 2841 voces.
2488 2784 2633 2839 Male

1608 2874 1837 2943 Inflatum
1864 2872 1923 2923 in
1950 2869 2187 2923 schedis:
2218 2868 2489 2939 eleganter
2508 2866 2635 2918 satis

1609 2950 1667 3003 hi
1686 2948 1797 3005 duo
1814 2968 2001 3003 versus
2017 2944 2283 3017 desumpti
2300 2956 2422 3000 sunt
2439 2964 2470 2999 e
2482 2945 2635 3016 Virg.

1610 3032 1736 3085 AEn.
1766 3028 1865 3095 IV,
1900 3029 2001 3092 463
2032 3046 2047 3081 :
2090 3025 2361 3099 «Solaque
2386 3024 2630 3079 culmini-

1611 3109 1713 3161 bus
1738 3108 1889 3162 ferali
1910 3107 2145 3161 camnine
2170 3106 2317 3159 bubo
2338 3106 2487 3175 sepe
2500 3119 2635 3175 que·

1613 3189 1679 3252 ri,
1695 3201 1745 3240 et
1754 3188 1938 3258 longas
1950 3188 2002 3240 in
2020 3184 2203 3264 fletum
2212 3184 2409 3238 ducere
2419 3198 2577 3235 voces
2588 3208 2635 3244 υ,

1613 3266 1850 3339 sequenti
1870 3282 2027 3319 versu
2046 3282 2325 3335 perperam
2350 3263 2405 3314 in
2426 3259 2637 3315 schedis

1611 3346 1827 3400 salmas.
1876 3346 2019 3395 Risus
2064 3346 2321 3395 denuntiat
2361 3344 2463 3393 ἕω
2480 3362 2500 3401 ,·
2542 3340 2637 3393 sed

1611 3436 1752 3477 recte
1780 3427 1959 3476 Tristes
1993 3422 2223 3476 correxit
2246 3421 2541 3478 Scriverius
2568 3440 2635 3473 ex

1610 3508 1733 3559 ΑΕΒ.
1756 3503 1849 3556 lib.
1876 3504 1985 3571 111,
2013 3504 2135 3557 366.

1689 3584 1801 3637 1²8.
1834 3586 1995 3635 Veluti
2015 3596 2231 3650 tempora
2249 3584 2401 3633 ramis
2424 3601 2444 3631 .·
2467 3578 2537 3630 ita
2562 3584 2638 3635 le-

1613 3662 1755 3733 gitur
1782 3662 1839 3713 in
1868 3660 1988 3714 cod.
2012 3661 2229 3714 Salmas.
2258 3671 2310 3711 et
2338 3656 2485 3711 Lei-1.
2514 3656 2643 3711 lieet

1616 3742 1809 3793 Evina-ei
1853 3739 2079 3793 ediderit
2118 3737 2410 3793 Scriverius
2431 3776 2447 3799 ‚
2484 3748 2545 3789 ut
2582 3736 2641 3789 iu

1617 3820 1845 3891 vulgatis
1860 3817 2179 3873 editionibus
2193 3816 2336 3889 apud
2350 3816 2501 3887 Virg.
2516 3818 2641 3869 AEn.

1616 3900 1753 3951 VIII
1773 3938 1789 3959 ‚
1814 3900 1915 3952 286
1936 3916 1949 3951 ε
1976 3924 1996 3945 ι
2020 3895 2265 3968 Populeis
2285 3894 2481 3947 adsunt
2498 3894 2647 3947 evin·

1616 3978 1684 4031 cti
1705 3992 1947 4049 tempora
1968 3976 2131 4030 ramis
2154 4000 2175 4021 ι
2201 3994 2215 4029 :
2249 3974 2477 4027 alterum
2509 3987 2645 4044 quo-

1614 4074 1720 4128 que
1746 4056 1975 4129 Virgilio
2004 4074 2139 4128 soepe
2166 4058 2221 4108 in
2252 4072 2351 4106 usu
2374 4094 2390 4119 ,
2424 4065 2485 4105 ut
2516 4054 2641 4105 AEn.

1614 4137 1774 4203 vm,
1798 4138 1899 4209 278
1928 4158 1940 4188 z
1966 4164 1987 4183 u
2004 4133 2205 4191 bicolor
2224 4150 2391 4206 quum
2415 4131 2645 4203 populus
