2964 4690
989 411 1120 477 DE
1172 412 1703 480 PALLADIO.
2296 407 2402 482 „15

263 543 404 606 laus
429 561 628 604 versu
661 563 686 602 1
711 587 730 617 ,
757 551 1018 604 ornatus
1029 537 1210 624 fidei.
1241 542 1382 604 Hoc
1416 542 1589 604 enim
1618 539 1791 603 dicto
1826 538 2141 603 Palladius
2170 540 2403 626 prima-

265 647 440 710 rium
483 648 622 724 ejus
669 645 1104 709 characterem
1147 646 1381 726 animi,
1421 661 1485 709 et
1520 646 1909 733 praecipuam
1942 646 2245 708 virtutem
2261 693 2282 727 ,
2326 647 2405 708 il-

265 751 454 814 lustri
489 772 646 814 sane
681 749 831 813 fidei
863 765 931 814 et
955 751 1328 814 constantiae
1367 748 1795 830 documento,
1837 750 1905 812 in
1936 753 2291 837 quaestione
2324 749 2407 814 de

263 856 590 944 Eutropio
623 855 876 936 habita,
909 871 1256 944 spectatam
1277 904 1297 937 ‚
1333 856 1749 944 multumque
1778 855 1947 920 fama
1979 855 2361 919 celebratam
2384 901 2403 935 ,

265 964 632 1050 exprimere
665 963 954 1043 videtur,
999 985 1238 1051 quum,
1271 963 1649 1028 Marcellino
1692 978 1855 1026 teste
1875 1011 1893 1043 ‚
1950 985 2032 1024 ne
2068 961 2406 1026 tormentis

263 1068 538 1155 quidem
569 1069 741 1158 adigi
771 1071 985 1156 potuit
1001 1118 1019 1150 ‚
1059 1085 1135 1133 ut
1173 1070 1564 1157 Eutropium
1599 1067 1937 1133 mendacio
1977 1065 2215 1147 injusto
2257 1087 2406 1154 per·-

261 1189 564 1238 verteret.
623 1178 779 1237 Acta
841 1191 938 1238 est
993 1173 1132 1238 haec
1179 1175 1452 1261 quaestio
1504 1195 1606 1237 an.
1652 1174 1723 1238 C.
1764 1172 1915 1260 371,
1964 1189 2161 1260 atq-ue
2207 1171 2406 1260 igitur

261 1279 488 1364 paullo
543 1296 691 1365 post
737 1279 918 1344 hunc
961 1301 1208 1343 annum
1257 1279 1338 1344 ad
1387 1279 1785 1368 Pasiphilum
1829 1279 2154 1370 scripserit
2198 1279 2402 1342 Palla-

259 1382 450 1463 ἀίω,
495 1385 554 1446 si
587 1384 787 1448 modo
817 1386 872 1448 is
904 1385 1248 1473 procellam
1295 1387 1482 1449 istam
1521 1386 1719 1448 evasit
1763 1385 1979 1466 vivus,
2032 1406 2244 1470 neque
2261 1403 2285 1465 ,·
2326 1401 2401 1448 ut

255 1487 364 1550 alii
401 1488 782 1577 philosophi
805 1538 824 1572 ,
863 1490 1064 1554 atroci
1096 1489 1377 1553 Valentis
1425 1512 1537 1553 sen
1546 1489 1740 1553 tentia
1783 1488 1865 1553 ad
1906 1505 2183 1554 mortem
2227 1488 2404 1553 dam·

258 1609 460 1655 natus
495 1609 616 1656 ωε.
654 1591 854 1676 Quod
884 1617 969 1658 ne
999 1592 1306 1666 accidisse
1334 1595 1392 1659 ei
1425 1609 1681 1682 putem,
1715 1595 1849 1658 fere
1885 1595 2229 1682 persuadet
2270 1597 2396 1659 Zo-

254 1698 500 1780 simus,
539 1699 653 1763 lib.
685 1700 796 1779 IV,
835 1722 968 1792 cap.
1006 1701 1080 1765 15
1101 1749 1120 1782 ‚
1176 1701 1288 1789 qui
1324 1703 1496 1764 inter
1530 1699 1745 1790 plures
1782 1701 2201 1790 philosophos
2227 1703 2399 1788 ,·qui

257 1819 408 1865 tum
441 1803 762 1892 supplicio
793 1803 1024 1872 adfecti
1061 1823 1244 1887 sunt,
1289 1803 1684 1893 Pasiphilum
1736 1828 1871 1869 non
1919 1805 2229 1870 nominat.
2272 1805 2401 1869 Sed

256 1909 468 1972 Henr.
505 1910 800 1974 Valesius
833 1911 915 1975 ad
947 1911 1228 1977 Marcell.
1261 1913 1382 1978 loc.
1413 1912 1521 1976 cit.
1556 1934 1706 1976 eum
1748 1913 1964 2001 potius
2001 1911 2398 2000 Pasiphilum

253 2013 526 2076 Palladii
565 2016 844 2078 amicum
885 2037 1022 2079 esse
1064 2032 1318 2098 censet,
1355 2015 1436 2080 ad
1466 2038 1663 2102 quem
1692 2015 1837 2080 data
1871 2033 1967 2080 est
1996 2016 2099 2079 lex
2130 2017 2200 2098 8,
2236 2017 2393 2081 Cod.

249 2117 514 2183 Theod.
563 2119 671 2184 lib.
719 2121 818 2200 11,
868 2123 964 2184 tit.
996 2144 1022 2184 1
1045 2167 1062 2200 ,
1098 2121 1176 2183 de
1191 2122 1659 2208 jurisdictione,
1699 2121 1967 2209 Olybrio
2009 2139 2075 2184 et
2112 2121 2399 2186 Probino

251 2224 444 2288 Coss,
487 2247 598 2288 an.
640 2225 786 2311 395.
825 2227 1166 2290 Rectorem
1205 2225 1487 2312 aliquem
1520 2225 1901 2312 provinciae,
1933 2226 2221 2312 quamvis
2263 2249 2397 2290 non

253 2327 650 2413 nominatae,
699 2354 772 2395 ea
835 2331 976 2420 lege
1047 2330 1339 2411 moneri,
1395 2352 1430 2391 e
1492 2329 1705 2394 verbis
1762 2330 1854 2394 ibi
1912 2330 2399 2395 occurrentibus

251 2432 602 2505 Sinceritas
635 2453 749 2501 tua
781 2436 1213 2527 colligendum
1247 2452 1374 2517 est,
1418 2456 1553 2523 quo
1599 2437 1790 2501 titulo
1834 2461 2069 2527 nempe
2114 2440 2399 2528 compel-

255 2546 368 2607 lari
433 2547 745 2609 Rectores
803 2544 1280 2633 provinciarum
1341 2542 1420 2605 ab
1473 2543 1871 2630 Imperatore
1928 2545 2222 2609 solebant
2268 2546 2361 2633 (1)
2382 2593 2399 2627 ,

250 2667 324 2713 ut
355 2651 612 2737 pariter
639 2673 716 2714 ex
743 2648 880 2738 lege
920 2648 1000 2713 33
1036 2648 1116 2711 de
1139 2646 1487 2735 cursupub.
1524 2648 1621 2712 tit.
1652 2648 1719 2729 5,
1750 2650 1859 2714 lib.
1892 2651 2091 2731 VIII,
2110 2651 2395 2738 adparet.

251 2754 650 2818 Praefectum
698 2754 890 2817 Urbis
954 2751 1281 2815 Pasifilum
1325 2750 1589 2829 ‘indicat
1649 2770 1830 2817 vetus
1896 2777 2177 2818 marmor
2226 2757 2399 2842 apud

249 2860 450 2923 Grut.
487 2881 637 2947 pag.
677 2858 876 2937 1080,
918 2880 984 2921 1:

383 3062 712 3125 FABIVS.
759 3062 1034 3125 FELIX.
1082 3060 1529 3125 PASIFILVS.
1578 3060 1889 3125 PAVLIN
1894 3061 2013 3126 VS.
2065 3062 2140 3126 V.
2192 3066 2263 3128 C.

583 3168 715 3231 ET.
763 3168 928 3233 lNL.
980 3165 1269 3229 PRAEF.
1319 3166 1537 3229 VRBI.
1588 3167 2069 3231 DEDICAVIT.

239 3366 728 3429 Verumtamen
775 3362 1063 3427 Rectoris
1113 3358 1454 3449 provinciae
1500 3377 1611 3423 aut
1648 3361 1937 3425 Praefecti
1976 3362 2271 3451 dignitati
2314 3364 2394 3427 ti-

237 3473 436 3535 tulus
465 3470 540 3531 V
533 3468 622 3531 iri
641 3466 1002 3552 doctissimi,
1029 3488 1162 3555 quo
1185 3463 1583 3551 Pasiphilum
1600 3488 1805 3531 suum
1838 3484 2026 3533 ornat
2056 3468 2395 3550 Palladius,

235 3578 479 3641 minus
536 3574 920 3663 respondet,
977 3588 1044 3636 et
1108 3570 1231 3635 nisi
1293 3568 1719 3659 philosophus
1769 3573 1909 3655 ille,
1965 3574 2147 3653 cujus
2205 3597 2396 3662 supra

233 3681 666 3746 mentionem
699 3679 820 3743 feci
839 3728 858 3759 ,
906 3677 1361 3768 intelligendus
1411 3697 1509 3743 est
1523 3726 1541 3759 ,
1589 3676 1967 3744 crediderim
1982 3727 1999 3760 ‚
2056 3681 2393 3743 Rectorem

305 3906 396 3973 (ι)
433 3900 546 3955 Sed
595 3919 660 3953 ex
703 3900 808 3954 hoc
845 3898 998 3953 titulo
1043 3897 1126 3952 vix
1169 3898 1463 3971 quidquam
1500 3909 1701 3951 certum
1742 3896 1921 3968 colligi
1964 3915 2115 3969 posse
2163 3895 2394 3956 videtur,

221 4009 422 4065 quum
461 3987 570 4061 ipsi
603 3988 958 4059 Imperatores
983 3985 1050 4040 de
1083 4006 1137 4041 se
1173 3988 1297 4058 ipsis
1322 3987 1599 4059 loquentes
1624 3984 1801 4038 dicant
1820 4026 1837 4050 ‚
1872 3988 2115 4037 Ser-enims
2145 3997 2312 4034 nostra
2344 3994 2395 4031 et

223 4079 576 4134 Praefectum
589 4076 744 4129 Praet.
763 4076 920 4129 titulo
939 4078 1244 4129 sublimitatis
1266 4091 1360 4128 moe
1381 4076 1621 4129 salutent.
1640 4072 1761 4127 vid.
1788 4072 1921 4127 Cod.
1942 4073 2031 4123 lib.
2055 4072 2183 4135 XII,
2199 4072 2277 4122 tit.
2308 4068 2335 4121 5
2348 4087 2365 4119 ι
2381 4106 2396 4130 ,

221 4172 386 4241 legg.
414 4169 538 4221 Get
571 4166 656 4219 18.
693 4166 800 4219 En.
