2964 4690
493 381 621 479 ¹¹92
911 325 1563 456 TlilSTIMONIA
1614 389 1737 456 ET
1786 389 2198 461 JUDICIA

477 517 774 580 locorum
820 530 1392 580 controversorum
1418 563 1437 597 ‚
1489 539 1627 605 cap.
1674 517 1750 582 15
1779 567 1797 601 ,
1848 534 1913 583 et
1958 519 2337 587 Sebastiano
2372 526 2579 591 Foxio
2599 576 2619 611 ,

471 621 584 685 lib.
609 623 672 684 Il
697 619 780 684 de
813 619 1218 703 Imitatione,
1262 621 1395 687 sive
1433 623 1686 688 ratione
1718 625 1905 712 styli,
1939 625 2055 714 qui
2090 649 2242 693 eum
2267 629 2530 695 Tibullo
2552 649 2625 698 et

479 727 822 816 Propertio
853 749 989 791 non
1025 726 1404 794 inferiorem
1443 728 1535 795 ait
1572 730 1641 793 in
1680 730 1971 796 carmine
2006 731 2309 822 elegiaco.
2353 735 2625 820 Quanto

473 833 715 897 rectius
763 833 1232 898 Maximianum
1287 833 1470 898 hunc
1521 835 1787 900 Poetam
1840 837 2190 903 barbarum
2246 859 2437 907 vooet
2478 843 2623 910 Yvo

474 939 887 1005 Villiomarus
921 939 1229 1005 adversus
1263 941 1517 1006 Titium
1536 992 1555 1023 ,
1591 965 1793 1031 quem
1824 943 1979 1010 dixi.
2010 945 2095 1010 Et
2120 968 2274 1012 sane
2302 949 2372 1014 in
2397 949 2622 1040 Mspto

472 1064 704 1112 nostro
741 1069 878 1113 non
913 1047 1096 1112 Gallo
1117 1094 1138 1128 ‚
1177 1045 1291 1112 sed
1321 1047 1719 1114 Maximiano
1752 1049 2237 1119 adtribuuntur.

469 1245 616 1310 XX.
663 1243 937 1310 THOM.
987 1243 1440 1310 REINESIUS
1464 1293 1486 1326 ‚
1529 1245 1734 1334 Epist.
1779 1247 1863 1313 ad
1900 1248 2253 1315 Daumium
2302 1253 2618 1338 LXXIX,

1374 1373 1519 1440 pag.
1559 1351 1707 1416 203.

555 1521 888 1583 Feruntur
921 1519 1061 1598 ejus
1099 1516 1564 1605 (Maximiani)
1600 1518 1884 1582 carmina
1936 1518 2018 1583 de
2058 1521 2415 1606 Senectute,
2460 1523 2535 1586 V
2524 1527 2616 1588 itu

464 1641 594 1690 tute
611 1673 630 1706 ‚
659 1625 772 1688 Ira
789 1673 810 1704 ,
837 1624 1087 1688 Invidia
1107 1671 1126 1705 ‚
1149 1623 1477 1688 Patientia
1494 1671 1517 1702 ‚
1552 1624 1870 1688 Avaritia.
1895 1624 2205 1705 Ejusdem
2237 1627 2615 1694 Maximiani

469 1733 540 1795 in
571 1731 913 1819 Virgilium
953 1745 1020 1793 et
1058 1729 1262 1794 Cicer.
1301 1729 1472 1793 inter
1510 1729 1638 1792 XII
1674 1728 2221 1796 scholasticorum
2258 1733 2612 1801 Poetarum

469 1837 754 1902 carmina
776 1857 1031 1916 versus3
1065 1835 1220 1899 item
1250 1833 1331 1898 dc
1365 1837 1409 1912 4
1437 1836 1601 1898 anni
1618 1835 2023 1923 temporibus,
2052 1835 2134 1901 de
2155 1838 2360 1922 Iride,
2384 1856 2451 1903 et
2471 1840 2611 1924 alii,

463 1943 764 2008 meliores
797 1956 989 2022 sunt,
1023 1961 1221 2028 quam
1256 1955 1333 2003 ut
1370 1961 1523 2002 cum
1558 1940 2005 2006 semibarbaris
2042 1960 2455 2028 censeantur,
2492 1949 2611 2011 aevi

469 2065 686 2114 tamen
723 2069 862 2112 non
895 2045 1194 2134 optimi...
1227 2042 1331 2108 Ad
1357 2043 1823 2110 Maximianum
1862 2062 1961 2112 est
1995 2048 2285 2137 Epistola
2309 2051 2397 2128 24
2414 2051 2609 2140 Sym-

471 2154 683 2220 machi
725 2153 767 2217 1.
809 2153 997 2234 V111,
1032 2172 1262 2216 verum
1303 2148 1489 2214 illum
1526 2173 1650 2240 ego
1688 2151 1909 2240 potius
1942 2153 2104 2218 sexti
2130 2153 2467 2242 septimive
2495 2179 2611 2222 εω-

470 2261 599 2326 culi
637 2282 778 2324 esse
813 2258 1038 2324 dixero
1060 2306 1080 2341 ,
1116 2271 1240 2323 etc.
1768 2242 1779 2250 ⁵

463 2456 643 2521 XXI.
682 2450 951 2519 OLAUS
987 2448 1504 2516 BORRICHIUS
1532 2450 1600 2515 in
1627 2450 1957 2517 Dissertat.
1997 2453 2198 2520 Acad.
2232 2454 2315 2519 de
2346 2456 2565 2522 Poetis
2584 2506 2605 2541 ,

1363 2576 1511 2645 pag.
1552 2554 1701 2623 853.

550 2725 720 2793 Addi
754 2724 1096 2813 Propertio
1131 2722 1298 2787 solet
1335 2723 1675 2788 Cornelius
1711 2724 1931 2789 Gallus
1944 2772 1964 2807 ,
2004 2725 2121 2790 sed
2160 2748 2423 2792 carmen
2462 2732 2607 2813 ejus

461 2850 694 2925 praeter
722 2832 874 2897 alias
909 2829 1182 2920 ineptias
1226 2851 1364 2893 non
1400 2829 1535 2893 olet
1570 2846 1957 2895 vetustatem
1976 2878 1996 2913 ‚
2038 2855 2249 2921 eoque
2284 2836 2604 2923 sequioris

461 2942 575 3007 aevi
624 2942 796 3005 fetus
837 2953 1013 3003 recte
1049 2935 1396 3016 judicatur.
1445 2936 1614 2999 Nam
1652 2958 1787 3001 non
1824 2938 1949 3003 nisi
1984 2937 2067 3003 de
2101 2940 2255 3005 faece
2288 2940 2427 3005 haec
2460 2942 2602 3022 ejus

459 3064 648 3131 sunt,
693 3047 873 3134 Eleg.
901 3046 934 3107 I
959 3092 976 3125 ‚
1011 3046 1133 3130 47:

743 3182 860 3235 Hoc
887 3196 1104 3251 quoque
1131 3177 1392 3231 virtutum
1413 3134 1683 3251 quondam
1714 3182 2006 3237 certamine
2030 3200 2279 3255 magnum

811 3268 1082 3323 Socratem
1114 3267 1350 3338 palmam
1378 3267 1738 3338 promeruisse
1765 3268 1961 3324 ferunt.

540 3434 706 3496 Item
737 3427 810 3492 hi
843 3442 1206 3515 sequentes,
1229 3448 1513 3515 quorum
1534 3427 1715 3516 prior
1732 3428 1800 3492 in
1822 3428 2000 3521 Elcg.
2022 3432 2073 3513 1,
2097 3455 2123 3496 1
2142 3430 2241 3512 13,
2276 3434 2599 3520 posterior

453 3542 520 3603 in
555 3537 734 3625 Eleg.
767 3534 850 3618 V,
885 3554 992 3598 20.

732 3689 783 3743 Ο
819 3704 980 3759 quam
993 3685 1128 3740 dura
1163 3686 1358 3760 premit
1389 3684 1633 3738 homines
1658 3684 1899 3739 conditio
1921 3686 2038 3740 vite
2062 3688 2105 3740 Ξ.
2126 3728 2141 3743 .
2164 3726 2177 3739 .
2200 3728 2213 3740 .
2236 3726 2249 3738 .

801 3774 1026 3830 Efficior
1048 3775 1270 3829 deluens
1297 3774 1433 3829 alter
1455 3774 1675 3847 Ulysses
1692 3793 1811 3847 ego.

451 3950 612 4007 miani
635 3968 664 4003 a
689 3947 925 4002 Gaurico
941 3947 1157 4021 proefixa
1179 3988 1195 4015 ‚
1226 3965 1386 4018 quam
1415 3947 1505 4000 illc
1534 3947 1738 4017 putavit
1770 3946 1959 4000 Criniti
1982 3950 2214 4003 auctoris
2237 3968 2369 4004 esse.
2400 3952 2593 4007 Obser-

446 4043 591 4097 vavit
627 4039 734 4092 hoc
771 4039 989 4093 Moneta
1024 4037 1078 4129 in
1117 4036 1446 4108 Menagianis
1473 4036 1628 4089 novis
1649 4077 1665 4104 ‚
1694 4054 1816 4109 pag.
1861 4038 1995 4103 3423
2034 4038 2193 4092 ctiam
2224 4038 2510 4096 Goldastus
2540 4056 2591 4097 et

315 4127 320 4137 ¹
447 4128 796 4185 Fontaninus.
