2964 4690
542 365 681 462 496

1201 367 1265 431 Η
1282 367 1345 433 O
1362 365 1409 432 S
1422 367 1457 432 1
1468 366 1533 432 D
1552 366 1583 433 I
1599 365 1631 430 Ι
1693 365 1756 433 G
1771 365 1826 432 E
1840 367 1896 432 T
1908 367 1986 433 AE

634 486 906 581 Incipit,
942 510 1019 554 ac
1056 486 1211 556 totis
1239 482 1616 555 Vulcanum
1647 509 1954 579 spargere
1987 489 2194 557 tectis.

634 594 1046 692 Regalesque
1082 617 1354 664 accensa
1388 618 1609 663 comas
1629 648 1650 681 ,
1687 619 1959 665 accensa
1995 622 2308 668 coronam

633 705 937 782 Membra
974 702 1455 798 sequebantur,
1493 719 1677 774 artus
1709 729 1894 774 sacer
1927 707 2100 801 ignis
2135 709 2391 778 edebat.

632 814 1019 910 Diffugiunt
1057 814 1366 901 comites,
1406 828 1474 882 et
1513 839 1658 908 quae
1703 815 1828 884 sibi
1868 817 2146 910 quisque
2186 819 2481 888 timebat.
2515 863 2522 870 ·
2582 843 2656 888 ⁴2⁵

635 931 838 996 Tecta
875 939 1055 994 metu
1090 925 1337 1018 petiere
1356 977 1375 1009 ,
1418 938 1486 992 et
1523 924 1620 992 sic
1654 924 1770 992 ubi
1813 949 2102 994 concava
2135 927 2362 997 furtim

635 1038 807 1105 Saxa
840 1047 1082 1127 petunt
1102 1085 1123 1121 ,
1155 1033 1319 1102 furit
1348 1033 1659 1102 immissis
1692 1032 2032 1104 Vulcanus
2067 1035 2362 1108 habenis.

628 1148 773 1216 Nec
803 1143 976 1212 vires
1006 1137 1361 1211 herbarum
1382 1196 1401 1229 ‚
1437 1142 1784 1236 infusaque
1815 1143 2093 1214 flumina
2119 1161 2442 1239 prosunt;

633 1253 1073 1347 Quaesitaeque
1110 1267 1352 1321 nocent
1383 1265 1558 1320 artes
1577 1305 1596 1337 ,
1634 1251 2006 1322 miserabile
2039 1253 2252 1325 dictu!
2393 1328 2400 1342 ,

629 1362 753 1434 Illa
789 1377 867 1432 ut
898 1386 1015 1456 per
1049 1359 1333 1456 populos
1368 1360 1758 1455 aditumque
1794 1387 1912 1456 per
1945 1365 2091 1432 avia
2123 1366 2400 1458 quierit,
2578 1391 2656 1436 ⁴³.

629 1479 793 1542 Arte
831 1495 1004 1540 nova
1038 1467 1372 1564 speculata
1404 1469 1623 1541 locum
1651 1497 1666 1540 ε
1700 1473 2104 1567 paribusque
2134 1475 2422 1545 revinxit

602 1705 724 1762 422.
746 1701 875 1746 Ecce
900 1697 1015 1748 Ievis
1042 1711 1229 1744 summo
1253 1697 1549 1746 descendere

529 1797 730 1846 corpore
750 1777 899 1843 pestis
925 1776 1119 1840 Incipit.
1157 1773 1333 1826 Prima
1365 1791 1551 1827 versus

526 1873 653 1927 pers
674 1859 806 1905 Ecce
826 1854 940 1904 Ievis
963 1871 1148 1902 sumno
1188 1863 1265 1904 est
1298 1870 1361 1904 ex
1381 1851 1472 1904 lib.
1498 1851 1554 1903 11

534 1937 655 1986 AEn.
676 1933 776 1986 682
803 1949 819 1994 ;
867 1929 1071 2000 reliqna
1105 1941 1226 1981 sunt
1262 1947 1331 1982 ex
1361 1930 1452 1982 lib.
1476 1930 1553 1995 V,

528 2031 603 2066 vs.
626 2012 728 2064 683
746 2049 761 2078 ,
788 2006 880 2062 sed
901 2007 997 2060 uhi
1018 2008 1209 2079 legitur
1227 2022 1325 2059 coto
1352 2013 1556 2060 descen-

541 2093 615 2143 dit
640 2107 842 2158 corpore
870 2089 1039 2156 pestis.
1060 2086 1266 2139 Verum
1306 2085 1367 2138 id
1390 2099 1557 2140 muta.

531 2170 607 2225 vit
628 2182 683 2223 et
698 2171 994 2221 descendere
1022 2164 1108 2218 hic
1127 2165 1338 2237 scripsit
1352 2175 1553 2238 auctor,

528 2261 589 2303 ut
612 2256 940 2301 connecteret
960 2262 1081 2297 cum
1102 2246 1297 2311 Incipit.
1315 2242 1552 2315 Sequen-

528 2328 600 2381 tia
630 2337 752 2381 sunt
778 2343 839 2379 ex
860 2327 984 2379 AEn.
1002 2323 1095 2377 lib.
1112 2324 1254 2389 vn,
1283 2323 1350 2394 75
1375 2335 1427 2376 et
1446 2341 1547 2394 77:

528 2426 592 2461 ex
616 2424 724 2478 quo
750 2404 871 2457 loco
908 2402 1106 2475 patebit
1146 2400 1427 2475 legendum
1465 2422 1548 2453 aa*

530 2505 684 2537 censa
718 2501 957 2535 coronam
979 2523 996 2548 ,
1030 2499 1156 2535 mm
1192 2480 1325 2533 male
1361 2498 1548 2532 corona

530 2564 586 2617 in
612 2562 822 2617 schedis
838 2560 986 2615 MSS.

594 2648 721 2706 4²4·
746 2642 969 2693 Membra
1008 2642 1339 2707 sequebantur
1358 2678 1375 2704 ,
1411 2652 1547 2689 artus

523 2741 671 2774 sacer
696 2722 829 2791 ignis
852 2722 1042 2772 edebat.
1071 2719 1269 2771 Versus
1304 2718 1394 2769 hic
1434 2734 1550 2787 par*-

526 2800 624 2853 tim
650 2818 715 2853 ex
741 2796 1057 2870 penultimo,
1072 2798 1263 2867 partim
1278 2816 1346 2850 ex
1362 2796 1548 2849 ultimo

522 2897 681 2933 versu
714 2877 804 2929 lib.
842 2877 897 2928 11
930 2877 1119 2943 Georg.
1158 2876 1549 2929 consarcinatus

522 2970 599 3011 est
619 2998 635 3023 ,
674 2955 771 3009 ubi
791 2959 1083 3022 sequebatur
1102 2954 1159 3007 in
1180 2953 1403 3025 vulgatis
1417 2992 1435 3019 ,
1455 2952 1548 3006 sed

520 3038 854 3105 sequebantur
882 3052 913 3085 e
934 3032 1174 3105 plurimis
1192 3031 1353 3085 codd.
1374 3031 1550 3087 adfert

525 3114 788 3167 Heinsius.

594 3196 715 3257 426.
751 3194 815 3241 Ee
858 3191 928 3240 sic
978 3189 1061 3240 ubi
1104 3208 1328 3241 concava
1364 3190 1550 3257 furtim

521 3277 666 3323 Saxa
679 3282 857 3338 petunt
868 3306 885 3333 ‚
888 3267 1023 3336 furit
1046 3270 1273 3318 immissis
1302 3272 1548 3320 Vulcanus

525 3350 725 3402 habenis
747 3367 765 3397 :
795 3348 863 3399 ita
892 3345 1096 3399 correxi
1134 3364 1199 3397 ex
1237 3345 1329 3399 lib.
1350 3346 1401 3396 V
1426 3348 1547 3399 AEn.

524 3431 625 3481 662
649 3440 701 3479 et
716 3428 851 3496 6773
872 3424 1063 3478 vitiose
1084 3420 1227 3478 enim
1256 3426 1313 3477 in
1340 3424 1547 3478 schedis

520 3505 652 3571 MSS
705 3504 973 3575 legebatur
1028 3528 1051 3549 ι
1080 3503 1312 3557 concuba
1361 3504 1549 3556 furtim

520 3588 657 3641 Saxa
677 3582 880 3657 pedunt
906 3580 1036 3634 furit
1064 3582 1329 3635 immissus
1351 3582 1550 3635 Vulca-

524 3682 627 3718 nus
649 3662 828 3715 abenis
844 3686 889 3712 ι.

596 3742 717 3805 438.
750 3742 852 3790 Nec
875 3741 1009 3789 vires
1028 3741 1283 3790 herbarum
1298 3779 1315 3805 ,
1346 3739 1542 3806 infusa—

525 3842 621 3891 que
634 3861 651 3885 ,
670 3832 771 3873 etc.
794 3817 869 3869 ita
886 3817 942 3868 in
962 3815 1119 3869 codd.
1136 3818 1299 3871 Salm.
1323 3830 1375 3871 et
1392 3815 1539 3871 Leid.

521 3895 902 3971 corrigendum
939 3908 1149 3950 tamen:
1200 3924 1226 3945 α
1246 3899 1358 3952 Nec
1396 3898 1537 3952 vires

520 3981 742 4034 heroum
772 4015 787 4041 ,
830 3976 1106 4047 infusaque
1146 3977 1365 4032 flumina
1408 3996 1538 4049 pro·

520 4070 641 4111 sunt
665 4084 689 4105 ι.
709 4095 725 4121 ,
751 4056 884 4108 utin
917 4054 1031 4126 ipso
1056 4054 1249 4126 legitur
1280 4055 1535 4129 virgilie,

1637 1699 1828 1765 Αἶαν,
1843 1700 1947 1765 684
1967 1719 1980 1752 :
2012 1718 2137 1754 nem
2149 1705 2280 1752 vires
2291 1705 2550 1754 herbarum
2559 1721 2648 1774 ap.

1644 1780 1934 1832 Varronem
1954 1781 2144 1833 frustra
2161 1799 2392 1852 qums:
2417 1781 2512 1834 sed
2531 1783 2652 1855 quis

1640 1857 1878 1913 librarius
1891 1858 1958 1912 de
1976 1859 2160 1912 Medea
2181 1860 2469 1932 cogitabat,
2483 1865 2655 1914 laeth-

1642 1957 1746 1988 mm
1781 1938 2013 2010 scripsit.
2051 1939 2152 1992 Per
2181 1944 2316 1992 vires
2345 1944 2544 1993 heroum
2565 1939 2654 1992 hic

1643 2017 1844 2081 innuit,
1867 2018 2060 2070 frustra
2086 2018 2286 2072 aulicos
2317 2031 2371 2072 et
2391 2018 2654 2072 ministms

1643 2088 1855 2141 Creusae
1883 2107 2040 2160 opem
2075 2089 2299 2144 voluisse
2343 2089 2556 2142 adferre
2583 2087 2652 2142 nd

1640 2165 1904 2220 flammam
1961 2167 2390 2240 exstinguendam
2417 2208 2436 2234 ,
2491 2185 2652 2239 quam

1635 2246 1812 2317 potius
1835 2247 2019 2319 augeri
2041 2247 2290 2320 oppositis
2313 2245 2562 2300 remediis
2579 2245 2654 2299 di-

1637 2325 1710 2379 cit
1727 2343 1740 2378 :
1763 2342 1882 2397 quae
1898 2323 2072 2379 lucem
2087 2326 2344 2400 accipient
2358 2344 2424 2379 ex
2441 2326 2653 2381 seneca

1633 2402 1843 2467 Medea,
1881 2423 1961 2457 vs.
1998 2405 2124 2467 888,
2150 2418 2204 2460 et
2241 2404 2537 2478 Euripidis,
2574 2425 2650 2459 vs.

1639 2480 1770 2535 1135
1795 2494 1847 2535 et
1871 2500 2018 2554 seqq.
2033 2484 2124 2535 uhi
2143 2485 2260 2538 fuse
2278 2485 2496 2557 exponit
2511 2486 2654 2537 Nun-

1635 2561 1739 2613 tius
1757 2598 1774 2625 ‚
1802 2560 2074 2632 quomodo
2095 2562 2294 2616 Creusa
2312 2564 2522 2617 funesto
2537 2564 2653 2616 Me-

1633 2639 1745 2693 deoe
1771 2659 1992 2694 munere
2019 2643 2295 2707 emsa-it,
2333 2653 2386 2696 et
2418 2653 2528 2695 tota
2555 2660 2650 2714 pe-

1631 2733 1793 2772 nent.

1709 2799 1828 2861 430.
1845 2802 1946 2849 Illa
1966 2813 2020 2851 ue
2031 2819 2124 2867 per
2127 2804 2354 2869 populos,
2367 2804 2654 2868 adicit-quo

1626 2894 1724 2944 per
1738 2879 1852 2928 avia
1871 2881 2063 2943 quaen's.
2084 2877 2172 2931 sic
2197 2877 2480 2931 emendavi
2504 2878 2654 2931 sche-

1635 2954 1730 3007 dns
1781 2954 1908 3008 Mss
1931 2996 1948 3021 ,
1995 2954 2050 3009 in
2097 2958 2292 3028 quibus
2339 2958 2616 3029 legebatur
2638 2976 2652 3010 ε

1647 3060 1668 3081 ι
1688 3032 1789 3086 Illa
1821 3046 1998 3087 nutem
2031 3054 2128 3106 per
2161 3036 2390 3107 populos
2421 3035 2652 3090 aditum-

1637 3130 1742 3183 que
1770 3130 1866 3183 per
1893 3112 2009 3165 abia
2050 3114 2237 3185 qum-it
2255 3141 2298 3167 a.
2329 3115 2486 3167 Initio
2517 3116 2654 3169 forte

1635 3190 1848 3263 respicit
1882 3189 1955 3244 ad
1989 3191 2078 3245 lib.
2096 3192 2176 3244 VI
2195 3197 2318 3246 AEn.
2344 3194 2479 3246 588:
2514 3219 2536 3240 ι
2555 3192 2654 3247 Per

1635 3269 1858 3322 Graium
1905 3271 2132 3343 populos
2149 3308 2166 3337 ‚
2219 3271 2514 3344 mediaque
2557 3291 2656 3345 per

1633 3345 1800 3401 Elidis
1825 3350 2008 3401 urbem
2037 3348 2154 3403 Ibat
2179 3368 2340 3405 ovans
2360 3370 2422 3415 ·;
2465 3353 2552 3405 vel
2583 3350 2652 3403 ad

1634 3425 1858 3479 lib.vl1
1878 3469 1894 3495 ,
1938 3429 2074 3492 384:
2111 3430 2243 3485 «Per
2267 3428 2469 3483 medias
2496 3430 2654 3483 nrbe-

1635 3504 1825 3576 ngitur‚
1845 3507 2172 3579 populosque
2198 3508 2398 3561 feroces
2415 3535 2458 3561 ιι.
2499 3509 2650 3561 Alte-

1632 3603 1754 3637 rum
1788 3583 2180 3639 hemistichium
2212 3599 2290 3639 est
2317 3605 2384 3639 ex
2413 3586 2508 3640 lib.
2535 3588 2616 3639 11
2635 3628 2654 3654 ,

1631 3663 1698 3717 ⁵8
1713 3706 1728 3731 ,
1767 3664 1855 3718 ubi
1898 3663 1967 3718 G.
2014 3665 2288 3720 Fabricius
2325 3678 2472 3719 recte
2513 3666 2654 3721 hanc

1627 3742 1903 3795 lectionem
1932 3742 2184 3807 vindicat,
2209 3756 2262 3797 et
2283 3743 2352 3797 de
2372 3744 2654 3817 lymphato

1627 3821 1839 3875 homine
1875 3820 1978 3875 dici
2011 3834 2189 3885 notat;
2236 3842 2404 3895 quum
2445 3824 2498 3875 in
2533 3825 2652 3878 aliis

1624 3900 1824 3972 legatur
1855 3904 2140 3969 aditumque
2162 3917 2212 3953 et
2232 3906 2404 3971 pervia
2433 3906 2649 3970 quoerit:

1625 3977 1772 4051 quod
1797 3980 1972 4033 firmat
2000 3982 2154 4034 etiam
2173 3982 2312 4035 Non.
2329 3982 2506 4035 Marc.
2527 4000 2647 4053 pag.

1630 4058 1730 4128 ²37
1753 4096 1770 4123 ,
1799 4071 1851 4111 et
1878 4060 1950 4113 sic
1985 4064 2109 4114 AEn.
2147 4060 2240 4113 lib.
2279 4060 2364 4125 11,
2408 4078 2486 4113 vs.
2509 4062 2646 4131 736:
