2964 4690
1190 393 1580 462 MEDEA.

2298 391 2439 484 489

422 519 619 613 Erige
640 571 659 607 ,
698 515 728 546 ⁴²
756 531 963 610 tuque
1002 517 1141 610 ipsa
1184 517 1293 609 pia
1336 531 1485 610 tege
1525 531 1825 607 tempora
1869 514 2032 582 vitta
2049 567 2068 601 ‚

424 629 897 722 verbenasque
939 625 1130 695 adole
1167 627 1486 721 pingues,
1522 626 1920 718 nigrumque
1955 624 2298 694 bitumen:

426 741 623 807 Sacra
658 737 805 806 Jovi
846 737 1110 831 Stygio,
1144 761 1290 830 quae
1326 737 1451 804 rite
1490 737 1751 828 incepta
1785 735 2056 828 paravi,

425 847 743 920 Pei-ficere
780 863 877 918 est
916 849 1209 933 animus,
1250 846 1586 940 finemque
1631 847 1971 940 imponere
2007 845 2205 914 curis.
2365 869 2442 910 ³0..

1212 1019 1554 1066 NUTRIX.

424 1123 795 1192 Discessere
830 1147 1059 1192 omnes
1095 1122 1329 1208 medii,
1366 1123 1784 1216 spatiumque
1818 1119 2076 1190 dedere.

328 1338 385 1388 in
416 1335 620 1390 schedis
654 1337 726 1390 ita
763 1301 1167 1390 scribebantur:
1210 1336 1335 1388 «Tu

325 1427 575 1469 sem-etum
614 1413 782 1488 piram
823 1427 1067 1467 natorum
1110 1414 1338 1468 maxims

326 1493 501 1547 nutrix
526 1495 679 1566 Erige
700 1506 865 1566 tuque
882 1494 968 1565 pia
991 1493 1117 1565 tegit
1136 1487 1363 1564 tempo-‘

324 1593 387 1626 ra
426 1573 567 1636 vitta,
583 1575 854 1627 verbenas
888 1571 1045 1625 adola
1092 1572 1300 1644 pinguis
1317 1608 1333 1634 ,

326 1653 641 1723 nicrumque
660 1653 897 1706 vitumen
915 1677 960 1704 ι.
999 1657 1070 1702 na
1104 1665 1333 1703 secretam

314 1735 483 1800 piram
516 1734 663 1800 Erige
688 1743 812 1786 sunt
836 1749 902 1782 ex
933 1730 1027 1783 lib.
1051 1731 1151 1794 lv,
1195 1736 1331 1798 4943

325 1811 449 1864 dein
467 1851 483 1877 ,
505 1825 729 1862 natorum
754 1813 897 1878 regia
918 1812 1107 1872 nutrix,
1142 1807 1333 1879 legitur

324 1890 417 1944 lib.
450 1892 518 1956 V,
554 1891 693 1954 645;
729 1889 823 1943 sed
858 1892 1081 1940 maaeirna
1110 1887 1331 1959 petitum

324 1981 401 2022 est
414 1988 445 2023 e
461 1987 623 2023 versu
640 1967 839 2021 ibidem
862 1966 1209 2038 praecedente‚
1223 1987 1335 2035 quoe

323 2051 548 2100 maxima
574 2063 711 2100 natu.
754 2047 1006 2118 Sequenti
1039 2064 1191 2099 versu
1226 2045 1337 2098 hiat

329 2139 558 2181 metrum
580 2127 857 2182 deficiente
890 2143 999 2178 uno
1022 2124 1185 2195 pede:
1208 2143 1333 2177 nam

326 2207 421 2260 lib.
445 2207 545 2271 IV,
569 2207 671 2277 637
702 2225 717 2260 ε
758 2233 785 2251 u
802 2203 889 2258 Sic
916 2207 1112 2256 veniat.
1144 2204 1335 2275 Tuque

326 2286 443 2359 ipsa
465 2287 553 2358 pia
578 2296 695 2358 tege
718 2297 955 2355 tempora
976 2282 1107 2336 vitta
1122 2309 1163 2336 υ.
1190 2283 1333 2336 Clar.

324 2364 736 2438 Oudendorpius
753 2364 974 2435 putabat
996 2362 1335 2416 inserendum

315 2448 426 2513 jam
442 2484 459 2508 ,
484 2446 573 2497 vel
596 2463 721 2497 cum
746 2442 1057 2513 repetitione
1083 2456 1162 2502 tu,
1191 2458 1337 2511 mque

324 2529 455 2592 ipsa.
478 2526 686 2577 Tertius
708 2541 888 2576 versus
904 2520 1160 2575 conflatus
1180 2536 1257 2575 est
1270 2542 1335 2575 ex

320 2603 437 2657 Ecl.
465 2605 643 2666 vm,
680 2622 731 2655 v.
773 2602 877 2668 65,
909 2614 962 2654 et
994 2602 1189 2673 Geor-g.
1222 2603 1334 2668 111,

328 2682 452 2745 45¹.

398 2761 522 2831 379.
550 2768 707 2815 Sacra
739 2764 851 2814 Jove·
880 2766 1077 2831 Stygio,
1111 2780 1224 2828 quae
1240 2762 1341 2812 n'ee'

324 2842 518 2907 incepta
534 2842 734 2907 ρανανί,
762 2844 995 2911 Peficers
1024 2854 1099 2891 est
1118 2840 1335 2901 animus,

304 2920 565 2987 finemque
582 2922 826 2987 Imponere
836 2923 979 2970 emis.
998 2918 1125 2972 Haec
1145 2919 1197 2969 in
1216 2917 1334 2971 cod.

325 2996 538 3050 Salmas.
557 2999 712 3051 etium
726 2997 1055 3052 vitiosissime
1080 3010 1230 3050 erant
1248 2996 1335 3049 de-

325 3075 549 3147 scriptu
580 3076 633 3129 in
660 3074 907 3130 Leidensi
941 3093 1064 3127 vcro
1091 3074 1335 3127 emenda-

324 3154 455 3207 tion-a
477 3156 800 3227 legebantur.
835 3155 1111 3225 Eleganter
1146 3154 1335 3208 Medea

325 3232 519 3286 nutrici
554 3233 643 3287 hio
668 3235 867 3304 magica
892 3250 1043 3285 sacra
1076 3232 1335 3287 instruere

326 3311 563 3382 praecipit
577 3352 593 3377 ,
615 3312 679 3364 iis
696 3312 868 3364 verbis
883 3352 898 3376 ‚
916 3311 1107 3382 quibus
1128 3312 1331 3365 Barcen

328 3388 587 3443 nutricem
648 3390 951 3461 adloquitur
1002 3388 1141 3441 Dido
1190 3389 1333 3462 apud

327 3467 475 3539 virg.
505 3472 628 3522 AEn.
670 3468 775 3531 lv,
800 3468 937 3521 638:
974 3486 1131 3539 quem
1162 3466 1334 3521 locum

331 3546 596 3617 egregium
636 3548 878 3600 conferre
907 3546 1059 3600 decet
1096 3563 1216 3599 cum
1243 3548 1335 3613 iis,

325 3624 517 3694 quibus
554 3626 725 3679 utitur
773 3628 919 3677 Anna
964 3624 1131 3679 Didus
1190 3644 1339 3678 soror

326 3702 469 3772 apud
492 3704 677 3757 Silium
704 3704 823 3759 Ital.
839 3704 978 3755 VIII
998 3745 1015 3769 ,
1054 3708 1151 3757 116
1174 3722 1187 3755 ε
1213 3728 1235 3749 ι
1252 3704 1340 3757 Νἰ·

326 3798 421 3851 gro
452 3782 587 3835 forte
612 3786 757 3849 Jovi,
784 3783 872 3835 eui
896 3784 1049 3836 tertia
1076 3801 1233 3854 regna
1258 3781 1335 3835 la·

326 3858 542 3922 borant,
584 3864 753 3933 Atque
788 3862 887 3913 atri
924 3862 1079 3915 socia
1118 3860 1337 3915 thalami

326 3954 461 3989 nova
484 3957 633 3994 sacra
659 3940 913 4011 parabam
933 3977 949 4002 ,
978 3940 1112 4006 Quis
1146 3959 1335 4012 ogram

328 4028 554 4071 mentem
591 4031 644 4072 et
673 4017 987 4089 trepidantia
1010 4017 1169 4073 corda
1192 4019 1336 4071 leva-

328 4107 405 4147 ret
430 4097 621 4151 Infelix
644 4112 891 4169 germann
910 4099 1011 4151 tori
1032 4136 1047 4161 ,
1076 4112 1125 4152 et
1143 4116 1284 4170 seqq.
1306 4122 1325 4143 ι

1425 1333 1532 1388 Sed
1568 1353 1678 1406 prae
1719 1334 1918 1408 fateris
1963 1332 2280 1388 conferenda
2319 1344 2446 1386 sunt

1426 1433 1548 1467 cum
1570 1411 1652 1467 his
1668 1453 1685 1480 ,
1711 1432 1830 1486 qun
1850 1413 1917 1466 de
1935 1412 2144 1476 Medea,
2159 1430 2302 1465 sacra
2322 1412 2443 1484 sty-

1424 1493 1577 1566 gialia
1601 1506 1878 1564 peragente
1895 1531 1910 1553 ‚
1923 1493 2171 1564 leguntur
2189 1491 2332 1564 apud
2348 1492 2436 1544 Se·

1423 1591 1539 1626 nec.
1553 1585 1666 1624 toto
1685 1583 1806 1625 actu
1822 1569 2025 1624 Medeae
2037 1583 2245 1643 quarto.
2263 1571 2436 1624 Locus

1422 1665 1600 1704 sutem
1630 1651 1718 1705 ille
1744 1670 1774 1706 e
1801 1651 1941 1712 Ciri,
1973 1651 2084 1704 sive
2109 1651 2298 1722 Virgil-
2320 1651 2432 1721 ipse

1419 1729 1692 1784 cultissimi
1715 1727 1968 1799 poematis
1991 1741 2176 1782 auctor
2189 1730 2256 1781 sit
2274 1770 2291 1796 ,
2326 1729 2437 1784 sive

1419 1811 1552 1865 alins
1590 1811 1834 1864 divinum
1868 1811 2122 1864 artificem
2159 1811 2432 1872 imitatus,

1421 1908 1484 1943 ex
1508 1892 1619 1962 ejus
1657 1891 1851 1962 Ecloga
1894 1903 2080 1943 octava
2113 1889 2436 1962 Daphnidis,

1422 1981 1475 2023 et
1499 1971 1602 2023 illis
1630 1969 1851 2023 Didonis
1875 1973 2000 2024 AEn.
2021 1969 2118 2021 lib.
2143 1971 2238 2035 IV,
2254 1967 2438 2022 adum·

1421 2051 1600 2103 bratus
1633 2061 1726 2102 est.
1768 2051 1831 2102 In
1865 2068 1977 2122 quo
2012 2060 2322 2120 argumento
2358 2065 2439 2100 sa·

1424 2147 1636 2181 crorum
1660 2126 1914 2201 ejusmodi
1930 2128 2256 2198 magicorum
2275 2143 2437 2197 quam

1430 2209 1650 2262 feliciter
1671 2219 1872 2261 veteres
1892 2225 1955 2259 ac
1975 2206 2289 2259 recendetes
2314 2221 2438 2275 poe-

1424 2300 1490 2340 ιω
1513 2287 1723 2358 ingenia
1748 2305 1842 2340 sua
1870 2284 2218 2349 exercuerint,
2237 2281 2437 2356 patebit

1426 2386 1492 2420 ex
1510 2368 1700 2419 notatis
1719 2366 1786 2419 ad
1805 2366 2044 2419 omnium
2063 2364 2312 2437 optimam
2331 2364 2436 2414 Lo-

1422 2446 1571 2498 tiehii
1592 2446 1840 2517 Eclogam
1863 2444 2104 2517 quintam
2121 2481 2137 2506 ,
2169 2462 2219 2495 v.
2239 2443 2328 2497 38.
2363 2472 2434 2481 -

1422 2530 1582 2575 Sacra
1597 2529 1708 2577 Ῑονί
1725 2526 1908 2592 So‘gio.
1934 2529 2088 2575 Sacra
2113 2540 2236 2576 cum
2255 2521 2437 2575 dativo

1423 2614 1475 2655 et
1519 2622 1642 2655 cum
1688 2603 1920 2672 genitivo
1968 2602 2307 2655 construitur.
2358 2600 2436 2652 Ita

1424 2682 1704 2735 Vertumni
1743 2698 1952 2734 sacrum
1993 2700 2086 2733 rus
2104 2718 2120 2743 ,
2166 2700 2265 2751 pro
2299 2679 2436 2729 Ver·

1423 2772 1607 2813 tumno
1645 2759 1794 2831 apud
1827 2760 2068 2830 Propert.
2095 2759 2194 2825 IV,
2232 2778 2293 2821 2,
2332 2775 2433 2811 12:

1427 2865 1448 2888 ι
1461 2839 1568 2893 Seu
1590 2839 1716 2912 quia
1732 2839 1982 2892 vertentis
2008 2837 2240 2890 fructum
2258 2856 2442 2910 praece-

1422 2920 1596 2991 pimus
1621 2918 1747 2971 suni
1769 2917 2050 2973 Vertumni
2073 2936 2165 2970 rus
2189 2935 2244 2969 se
2269 2918 2440 2970 credi-

1422 2997 1506 3051 dit
1529 3016 1638 3050 esse
1664 3015 1868 3050 sacrum
1888 3022 1933 3062 ι,
1961 3009 2020 3049 ut
2045 2996 2262 3067 corrigit
2277 2996 2438 3049 Hein-

1422 3076 1549 3142 sius,
1564 3074 1704 3128 Λᾶν.
1729 3076 1777 3139 1,
1799 3094 1912 3144 cap.
1932 3094 1982 3127 2.
2006 3074 2161 3129 ovid.
2183 3075 2226 3127 F
2227 3088 2320 3130 ast,
2345 3076 2440 3137 lv,

1425 3156 1560 3208 286:
1589 3156 1694 3207 -Et
1713 3154 1912 3208 Veneri
1938 3172 2083 3207 sacra
2101 3154 2327 3226 Cythera
2347 3172 2435 3224 pe-

1420 3233 1555 3296 tit-3
1600 3233 1691 3285 ubi
1733 3236 1930 3283 Vener-is
1967 3232 2023 3283 in
2067 3232 2246 3285 multis
2285 3232 2434 3285 eodi-

1420 3312 1586 3365 cibus.
1619 3311 1719 3363 En.

1493 3390 1614 3443 381.
1638 3392 1916 3442 Discessere
1936 3409 2105 3442 omnes
2123 3394 2290 3452 medii,
2316 3410 2430 3458 spa·

1420 3472 1638 3536 citamque
1675 3472 1878 3535 dedere,
1917 3460 1996 3521 est
2025 3487 2086 3522 ex
2126 3470 2261 3522 libro
2301 3470 2436 3535 ΧΠ,

1424 3568 1479 3601 v.
1514 3551 1618 3617 696
1639 3565 1656 3610 ς
1677 3548 1768 3599 ubi
1791 3550 1962 3599 mediis
1989 3548 2045 3600 in
2080 3548 2198 3601 eod.
2228 3551 2436 3604 Dorvil-

1422 3625 1570 3679 liano
1619 3626 1723 3697 legi
1771 3628 1975 3681 notavit
2017 3628 2196 3681 Burm.
2236 3630 2348 3682 sive
2379 3630 2436 3683 li-

1427 3717 1537 3758 tera
1565 3726 1590 3755 s
1628 3704 1904 3758 adheserit
1938 3724 2000 3758 ex
2035 3708 2274 3778 sequenti
2309 3727 2436 3761 voce

1425 3786 1761 3851 spatiumque,
1802 3783 1913 3835 sive
1946 3783 2145 3837 dictum
2173 3787 2242 3838 sit
2278 3806 2374 3857 pro
2405 3806 2434 3839 e

1424 3861 1614 3915 mediis
1634 3902 1650 3927 ‚
1673 3862 1782 3915 sive
1804 3881 1833 3914 e
1854 3864 2008 3916 turba
2028 3900 2044 3925 ‚
2073 3876 2134 3917 ut
2164 3869 2214 3917 iu
2239 3868 2426 3923 mediis.

1424 3952 1475 3995 et
1487 3941 1692 3994 sinn‘lia.
1711 3942 1806 3994 Gr.
1828 3944 1874 3994 iv
1893 3944 2114 4013 μέσσοισι·
2139 3943 2244 3996 vid.
2255 3943 2434 3996 Heius.

1426 4019 1496 4072 ad
1520 4019 1791 4075 claudian.
1818 4021 1873 4073 in
1899 4022 2076 4075 Rufin.
2101 4022 2128 4073 1
2145 4061 2162 4087 ,
2183 4040 2232 4074 v.
2267 4028 2326 4084 41
2349 4061 2366 4085 ,
2385 4034 2435 4074 et

1428 4110 1578 4153 notas
1608 4096 1674 4151 ad
1695 4100 1964 4153 Valet-Pl.
1991 4101 2068 4163 ΙΙ,
2093 4107 2205 4169 174.
2225 4099 2442 4153 Sedme·
