2964 4690
555 379 689 452 158
885 380 1140 449 VITA
1187 381 1313 456 ‚ET
1377 381 1639 450 ACTA
1696 379 2327 448 MAXIMIANI.

541 523 929 602 provocatus
950 507 1244 589 adjunxit
1259 557 1277 590 ,
1303 526 1378 573 ut
1400 509 1516 596 qui
1538 509 1760 573 animo
1780 531 1973 596 quam
1999 508 2283 597 benigno
2306 506 2371 570 in
2398 522 2677 596 utraque

445 613 450 618 ’
543 615 897 706 Republica
929 613 1380 678 concordanda
1417 613 1597 678 fuisti
1614 662 1633 696 ,
1660 629 1789 678 tam
1820 635 1957 679 esse
1988 615 2100 702 pio
2134 613 2201 676 in
2238 611 2535 676 Ecclesiae
2570 633 2673 677 re·

543 719 983 812 dintegrandae
1028 721 1278 786 unitate
1320 721 1623 786 nosoeris.
1673 723 1841 787 Nam
1880 738 1957 786 ut
1994 743 2114 809 pax
2150 720 2259 784 illa
2293 721 2671 809 Regnorum

543 847 798 895 tantum
847 828 1048 893 scitur
1091 826 1399 915 prodesse
1437 827 1742 908 subjectis
1765 877 1783 910 ,
1820 829 1912 892 sic
1948 827 2086 891 haec
2124 826 2484 915 religionis,
2516 847 2671 889 cum

541 936 788 1026 populo
820 956 944 999 suo
972 933 1228 1022 proficit
1265 933 1610 1024 imperanti
1634 965 1680 999 n.
1724 933 1949 998 Plures
1976 955 2055 998 eo
2084 932 2417 1022 legationis
2452 929 2670 996 officio

541 1057 804 1107 ornatos
829 1041 1026 1105 fuisse
1045 1089 1063 1122 ,
1097 1040 1292 1104 verba
1317 1039 1709 1106 Theoderici
1734 1040 1993 1104 recitata
2027 1037 2407 1129 significant.
2441 1040 2670 1103 Festus

539 1148 769 1237 igitur,
821 1146 938 1234 qui
987 1145 1384 1228 nominatur,
1434 1145 1798 1234 praecipuus
1846 1147 2205 1234 legatorum
2260 1142 2385 1206 fuit
2404 1191 2423 1224 ,
2472 1163 2669 1230 quem

540 1254 732 1318 etiam
761 1253 1033 1317 missum
1058 1250 1447 1316 Theodorus
1469 1251 1699 1316 Lector
1724 1251 2023 1316 meminit
2044 1249 2175 1338 (1),
2202 1265 2270 1314 et
2292 1249 2669 1314 Senatorem

539 1359 836 1423 nominat
875 1357 1007 1445 (a),
1063 1355 1514 1448 sigillatimque
1558 1355 1639 1420 de
1680 1378 1761 1420 eo
1808 1357 2039 1437 refert,
2088 1371 2433 1444 postquam
2482 1375 2671 1417 man-

539 1464 688 1529 data
708 1512 726 1545 ,
778 1484 1060 1551 quorum
1109 1484 1330 1527 caussa
1379 1463 1613 1526 missus
1649 1479 1816 1544 erat,
1854 1477 2214 1551 peregerat,
2250 1460 2514 1549 proprio
2546 1481 2671 1524 no·

541 1572 717 1636 mine
760 1571 1170 1635 Anastasium
1219 1571 1586 1636 obsecrasse
1606 1620 1624 1653 ,
1668 1587 1745 1636 ut
1784 1569 2346 1657 Constantinopoli
2385 1583 2667 1633 sanctam

539 1676 1000 1764 Apostolorum
1035 1673 1209 1739 Petri
1241 1691 1309 1739 et
1331 1675 1537 1740 Paulli
1562 1674 1940 1739 memoriam
1965 1673 2219 1756 eadem,
2258 1695 2385 1761 qua
2410 1675 2670 1754 Romae,

537 1779 954 1845 veneratione
983 1801 1058 1844 ac
1091 1778 1563 1870 magnificentia
1592 1779 2038 1844 celebrandam
2082 1778 2429 1859 indiceret3
2467 1775 2671 1865 idque

539 1885 916 1951 obtinuisse.
959 1884 1155 1950 Istius
1201 1885 1400 1974 igitur
1437 1885 1774 1976 legationis
1795 1933 1814 1966 ,
1864 1883 2049 1965 cujus
2095 1883 2393 1972 princeps
2441 1883 2670 1948 Festus

537 1993 810 2056 Senator
873 2005 1010 2056 erat
1037 2039 1054 2072 ,
1135 1991 1438 2056 comitem
1507 1992 1887 2078 sociumque
1952 1989 2414 2054 Maximianum
2470 1987 2673 2052 fuisse

536 2097 733 2162 credo
792 2095 907 2183 (3).
957 2095 1157 2160 Plane
1203 2096 1377 2160 enim
1429 2095 1723 2160 eamdem
1772 2095 2094 2160 missionis
2152 2117 2284 2161 suae
2336 2117 2673 2176 massam,

543 2225 686 2292 quse
715 2203 887 2268 Festi
915 2200 1038 2265 fuit
1057 2249 1076 2285 ,
1109 2217 1465 2266 memorat:

819 2344 1013 2399 Missus
1038 2342 1106 2398 ad
1133 2343 1271 2399 ans
1303 2343 1456 2416 legati
1486 2363 1703 2398 munere
1728 2357 1926 2416 partes,

891 2432 1262 2505 Tranquillum
1289 2433 1494 2487 cunctis
1521 2443 1727 2486 nectere
1747 2432 1889 2505 pacis
1909 2452 2068 2505 opus,

609 2606 687 2673 (ι)
721 2604 856 2658 Ηίιῑ.
876 2604 1019 2659 Ecel.
1045 2604 1140 2661 lib.
1167 2605 1251 2671 11,
1281 2622 1402 2677 pag.
1431 2606 1571 2659 560:
1606 2606 1787 2666 Φῆστός
1817 2626 1885 2665 τις
1918 2612 2012 2658 τῶν
2044 2611 2129 2665 τῆς
2160 2606 2429 2678 Μιλήτου
2467 2596 2671 2677 ῥώμης,

537 2694 654 2765 πρὸς
681 2693 886 2759 βασιλέα
917 2691 1104 2753 crea-t:
1138 2683 1428 2747 Ᾰναστάσιον
1475 2690 1563 2745 διά
1608 2714 1737 2755 τινας
1784 2694 1948 2766 χρείας
1988 2692 2263 2757 πολιτικὰς,
2294 2694 2438 2747 mim
2477 2694 2541 2753 sic
2582 2696 2671 2749 τὴν

537 2777 796 2845 βασιλίδα,
825 2791 924 2834 etc.

609 2872 688 2939 (α)
721 2869 969 2941 Sigonius
1005 2868 1164 2921 etiam
1192 2868 1578 2923 Est-Consulem
1616 2882 1799 2934 vocat,
1828 2870 1966 2923 sicut
1992 2868 2299 2942 Anonymus
2334 2887 2495 2941 supra
2520 2884 2677 2937 caput

536 2959 727 3024 aenae,
751 2957 890 3010 Fasti
929 2956 1240 3010 Consulares
1271 2956 1511 3010 Flavium
1554 2956 1769 3011 Festum
1805 2976 1927 3011 cum
1966 2958 2047 3011 Fl.
2078 2943 2350 3011 Marciano
2372 2958 2673 3027 ⁴Consulem

538 3062 625 3098 an.
644 3052 744 3115 47²
770 3082 787 3110 ,
815 3044 1056 3116 adeoque
1077 3043 1436 3117 duodeviginti
1463 3046 1613 3098 annis
1639 3058 1765 3099 ante
1786 3044 2111 3099 Theoderici
2130 3062 2351 3118 regnum
2371 3086 2388 3112 ,
2418 3045 2672 3117 produnt.

537 3132 622 3185 Ad
655 3134 866 3187 Festum
899 3133 1080 3187 multo
1107 3143 1230 3187 sunt
1255 3133 1489 3205 epistola:
1514 3134 1839 3187 Theoderici
1862 3134 2020 3206 Regis
2050 3135 2107 3187 in
2133 3133 2307 3187 Variis
2332 3132 2641 3187 cassiodori
2654 3174 2673 3199 ,

535 3219 627 3273 ubi
657 3237 864 3291 semper
899 3218 1201 3273 inscribitur
1239 3225 1377 3273 Festo
1417 3224 1534 3273 Vim
1569 3225 1765 3275 Illum-i
1788 3236 1939 3290 acque
1966 3224 2195 3275 Patricio.
2234 3222 2393 3275 Hunc
2423 3222 2643 3275 Festum
2656 3262 2675 3288 ,

537 3326 750 3380 unaque
772 3307 1156 3381 Symmachum
1177 3348 1192 3374 ,
1219 3308 1426 3362 Boethii
1447 3328 1688 3364 socerum
1704 3350 1719 3375 ‚
1739 3328 1842 3383 per
1864 3314 2107 3380 Principes
2130 3314 2334 3365 civitatis
2358 3309 2503 3383 apud
2528 3310 2673 3365 Boe-

537 3396 710 3449 thium
730 3437 747 3462 ,
769 3394 838 3448 de
856 3396 1066 3450 Consol.
1094 3396 1231 3450 Phil.
1253 3396 1342 3449 lib.
1364 3396 1420 3449 11
1437 3436 1452 3459 ,
1492 3416 1574 3470 pr.
1601 3399 1661 3465 3,
1692 3399 1946 3471 intelligi,
1972 3399 2355 3452 Ren.Vallinus
2391 3400 2449 3452 in
2484 3397 2675 3452 adnot.

537 3484 606 3537 ad
634 3502 754 3538 eum
781 3484 958 3538 locum
993 3486 1253 3539 existimat
1273 3522 1288 3548 ,
1326 3486 1419 3538 ubi
1453 3486 1703 3540 Boethius
1743 3488 1937 3543 dicitur
1973 3490 2021 3540 in
2059 3492 2360 3559 affinitatem
2388 3490 2673 3557 principum

536 3574 746 3626 cio-itatis
767 3576 1005 3635 dele-cem,
1037 3592 1100 3627 ex
1128 3592 1296 3646 eoque
1327 3574 1667 3645 probabiliter
1702 3576 1899 3648 colligit
1916 3616 1932 3643 ‚
1969 3574 2201 3649 Elpidis,
2238 3576 2427 3648 prioris
2462 3576 2674 3629 Boethii

536 3661 743 3727 uxoris,
772 3672 1009 3733 patrem,
1053 3662 1146 3734 qui
1173 3662 1336 3734 vulgo
1359 3663 1653 3734 ignoretur,
1690 3664 1851 3719 fuisse
1875 3664 2115 3733 Festum,
2150 3664 2287 3717 sicut
2315 3664 2675 3737 Symmachus

537 3750 700 3805 fuerit
719 3748 968 3803 secundo
989 3751 1170 3804 uxoris
1188 3752 1514 3805 Rusticiana.

609 3840 687 3909 (3)
721 3839 870 3892 Ratio
895 3838 1072 3910 aliqua
1101 3835 1366 3912 adsumpti
1391 3860 1420 3893 a
1456 3840 1611 3894 Festo
1644 3840 1946 3895 Maximiani
1976 3842 2029 3893 in
2066 3843 2365 3895 societatem
2396 3842 2675 3913 legationis

537 3926 792 3999 adparere
835 3924 1074 3993 videtur,
1112 3929 1156 3980 si
1205 3928 1387 3981 Festus
1432 3928 1533 3980 fuit
1572 3928 1777 3983 Boethii
1824 3948 1990 3983 socer.
2036 3930 2210 4003 Hujus
2250 3931 2391 3983 enim
2436 3929 2671 3984 amicitia

539 4034 704 4086 quum
733 4014 940 4068 floreret
967 4015 1341 4081 Maximianus,
1375 4016 1550 4088 potuit
1576 4017 1732 4071 etiam
1756 4017 1914 4091 hujus
1934 4038 2111 4072 caussa
2136 4019 2534 4073 commendatus
2556 4040 2675 4073 esse

539 4122 720 4156 socero
741 4104 962 4157 Boethii.
