2964 4690
563 365 701 454 542

1396 372 1849 443 AUSONII

555 499 646 564 Et
679 492 1022 563 Pelusiaco
1064 492 1145 561 de
1180 492 1431 561 semine
1470 491 1668 587 plana
1686 547 1706 582 ‚
1741 509 1912 564 teres

554 610 639 675 Et
678 603 927 699 duplici
964 603 1232 673 defensa
1267 603 1614 698 putamine
1649 607 2159 700 quinquegenus

2431 495 2594 566 lens.

2429 634 2592 678 nux.
2647 643 2696 668 ro

562 713 901 807 Quodque
930 712 1083 783 cibo
1114 726 1185 782 et
1199 727 1363 809 potu
1384 711 1727 807 placitum,
1756 715 1943 785 labor
1969 741 2122 786 acer
2145 741 2348 813 apum
2365 771 2385 806 ‚
2435 719 2590 789 mel.

553 829 830 898 Naturae
860 823 1081 918 liquor
1114 823 1237 892 iste
1260 848 1449 893 novae
1474 849 1494 894 ε
1523 826 1630 895 cui
1663 850 1922 906 summa
1957 841 2143 896 natat

550 1051 640 1092 tur
680 1035 1001 1110 serpentium
1034 1035 1201 1110 plagis
1247 1049 1299 1090 et
1341 1038 1574 1109 scorpio-

550 1135 683 1170 num
710 1141 753 1170 2.
784 1115 1019 1169 Ruelliue
1052 1114 1120 1169 de
1164 1115 1440 1188 stirpibus,
1482 1117 1574 1170 lib.

548 1197 669 1261 111,
714 1213 831 1266 cap.
864 1195 926 1249 51
954 1212 971 1248 ε
1028 1220 1051 1242 ι
1070 1194 1201 1248 Gith
1226 1194 1465 1249 Officinae
1491 1194 1578 1248 Ni·

546 1276 737 1348 gellam
772 1277 1063 1328 Romanam
1100 1272 1373 1346 adpellant
1392 1315 1409 1342 ,
1449 1293 1575 1328 rura

546 1367 727 1408 nostra
769 1356 1002 1422 peiorem
1044 1353 1194 1425 quasi
1242 1351 1572 1426 piperaceam

549 1432 737 1487 dicunt
751 1470 768 1497 ,
786 1431 934 1505 quod
950 1431 1224 1485 odoratam
1242 1431 1436 1504 piperis
1453 1451 1570 1486 mo·

548 1511 621 1566 do
658 1513 855 1566 referat
895 1511 1243 1582 acrimoniam
1268 1549 1284 1574 ,
1329 1523 1423 1566 aut
1448 1511 1570 1583 quia

550 1590 749 1664 piperis
772 1590 890 1644 vice
914 1589 968 1643 in
1002 1590 1181 1643 multis
1208 1601 1486 1644 utantur».
1503 1619 1573 1633 -

549 1679 720 1725 Morsu
738 1674 879 1740 piper
899 1673 1211 1741 aeque'pamns
1226 1674 1349 1739 gith.
1366 1671 1576 1742 Legunt

548 1751 638 1805 alii
666 1750 780 1804 sine
806 1749 1141 1821 aspiratione.
1180 1751 1348 1802 Vetus
1378 1748 1573 1801 Biblio-

548 1849 669 1882 rum
695 1829 954 1900 interpres
972 1826 1203 1881 reddidit
1212 1831 1287 1897 git
1305 1828 1453 1881 Iunia
1475 1829 1540 1880 28
1557 1865 1572 1890 ,

551 1907 696 1980 quod
708 1905 893 1960 Grnce
908 1905 1151 1976 μιλάνθιον
1165 1903 1376 1960 dicitur.
1393 1905 1579 1976 Hispa-

553 2004 745 2042 norum
780 1996 857 2038 est
892 1990 1103 2037 Axenus
1134 1985 1177 2038 si
1203 1986 1439 2038 Antonio
1474 1987 1579 2039 Ne-

554 2065 802 2118 briseensi
828 2062 962 2117 fides
991 2063 1295 2135 Quinquag.
1323 2081 1442 2134 cap.
1475 2082 1542 2115 ιο
1561 2101 1577 2126 ,

552 2145 701 2219 quod
717 2161 897 2198 semen
916 2181 933 2208 ,
954 2143 1154 2214 inquit,
1174 2141 1231 2194 in
1250 2141 1435 2195 eodem
1449 2161 1580 2214 agro

554 2241 679 2277 cum
698 2221 911 2276 cumino
929 2233 1099 2275 satum
1114 2261 1131 2287 ‚
1150 2231 1437 2293 utrumque
1454 2222 1581 2275 ube·

554 2303 663 2358 rius
688 2302 947 2376 provenit.
974 2299 1266 2355 Columella
1302 2301 1359 2353 in
1393 2300 1578 2355 horto:

554 2410 581 2431 .-
600 2382 643 2436 F
644 2400 929 2453 annosaque
966 2394 1096 2444 tunc
1134 2380 1428 2434 coriandro
1464 2382 1576 2433 Na·

556 2473 793 2528 scuntur,
818 2460 1106 2534 gracilique
1126 2460 1413 2514 melanthia
1425 2460 1578 2533 nigra

556 2541 769 2614 cymino
784 2565 821 2591 a.
852 2538 936 2592 Ad
959 2557 1122 2613 quam
1147 2538 1464 2593 fertilitatem
1493 2559 1576 2593 re·

555 2620 727 2693 spexit
746 2619 1007 2691 Propheta
1031 2618 1175 2673 dicto
1207 2620 1345 2673 loco.
1381 2620 1580 2672 038Ρο-

556 2717 692 2753 ems.

630 2798 681 2847 9.
717 2784 782 2830 Ec
808 2779 1133 2831 Pelusiaco...
1168 2782 1291 2830 lens.
1313 2778 1576 2831 Pelusium

557 2856 817 2931 oppidum
832 2898 849 2925 ,
890 2868 943 2909 et
976 2875 1144 2909 unum
1186 2875 1246 2909 ex
1284 2856 1390 2909 Nili
1432 2857 1577 2910 ostiis

560 2932 791 3007 septem,
821 2936 916 2988 ubi
950 2933 1065 2989 lene
1102 2933 1299 3005 optima
1334 2936 1577 2989 nasceba-

558 3026 663 3068 tur.
686 3014 834 3087 Virg.
858 3015 1051 3085 Georg.
1070 3013 1157 3066 lib.
1174 3014 1232 3081 1,
1260 3015 1389 3068 228:
1425 3040 1448 3063 ι
1465 3016 1575 3069 Nec

2449 828 2591 897 faex.

1663 1033 1942 1094 Pelusiaca
1965 1055 2148 1090 curem
2177 1035 2557 1108 adspernabeoe
2580 1037 2692 1092 l·-

1663 1115 1730 1170 tie
1746 1142 1787 1167 n.
1809 1113 1937 1170 Vid.
1957 1115 2242 1186 nottVirg.
2261 1127 2300 1167 t.
2315 1116 2362 1181 1,
2375 1135 2427 1188 p.
2451 1117 2570 1170 286.
2585 1117 2692 1171 En.

1740 1215 1822 1248 10.
1854 1197 2231 1264 Quinquegenus
2251 1199 2396 1248 Nux.
2437 1196 2694 1268 Quinque

1661 1273 1752 1326 illa
1771 1273 1921 1328 nucis
1943 1291 2138 1345 genera
2163 1285 2286 1326 sunt
2311 1272 2454 1344 apud
2482 1274 2700 1328 Diosco-

1663 1351 1838 1406 ridem
1859 1363 1912 1406 et
1941 1351 2204 1418 Plinium,
2235 1352 2462 1426 Juglans
2479 1389 2498 1417 ,
2531 1354 2693 1409 Avel-

1661 1440 1776 1491 lena
1793 1472 1810 1499 ,
1831 1429 2126 1504 Amygdala
2139 1472 2155 1496 ,
2168 1432 2446 1496 Castanea,
2461 1443 2514 1485 et
2531 1433 2693 1486 Pinea

1661 1529 1785 1564 nux.
1835 1542 1905 1551 —
1956 1513 2340 1580 Quinque-genus
2367 1549 2384 1574 ,
2426 1522 2486 1564 ut
2531 1512 2692 1578 alibi,

1665 1596 1918 1659 Tergenm
1943 1589 2202 1656 vidimus.

1736 1687 1759 1722 1
1772 1687 1816 1722 1.
1852 1677 1978 1722 Pom
1993 1673 2248 1738 placitum.
2286 1671 2352 1723 In
2371 1669 2693 1744 Hydromeli

1661 1761 1716 1802 et
1737 1749 1924 1802 Mulso.

1738 1846 1761 1881 1
1773 1847 1820 1882 2.
1837 1831 1928 1880 cui
1940 1848 2132 1880 summa
2147 1831 2434 1900 nataefaeae.
2451 1831 2689 1888 Maon-ob.

1663 1908 1874 1962 saun-n.
1903 1907 2148 1960 1ih.V11:
2173 1909 2315 1962 «Mel
2333 1947 2352 1975 ,
2381 1910 2532 1982 quod
2551 1911 2691 1983 opti-

1666 2004 1815 2040 mum
1839 1998 1918 2040 est
1934 2025 1950 2050 ,
1977 1989 2185 2061 reliquo
2215 1987 2567 2060 ponderosius
2591 2003 2690 2044 eet.

1668 2069 1734 2119 In
1774 2083 1892 2119 vase
1928 2066 2090 2138 igitur
2131 2068 2305 2122 mellis
2341 2087 2462 2140 pars
2486 2088 2606 2142 que
2633 2070 2688 2122 in

1669 2146 1779 2198 imo
1803 2157 1880 2198 est
1901 2146 2084 2217 utique
2111 2158 2323 2217 prostat
2350 2147 2610 2218 pondere,
2637 2162 2692 2203 et

1669 2223 1788 2278 ideo
1807 2236 2122 2296 supernante
2138 2226 2416 2297 pretiosior
2432 2239 2530 2282 est.
2550 2229 2689 2282 Con·

1666 2315 1751 2357 tra
1787 2304 1846 2357 in
1879 2323 2002 2358 vase
2037 2303 2148 2357 vini
2182 2323 2301 2377 pars
2343 2307 2563 2361 inferior
2594 2307 2689 2363 ad-

1666 2384 1915 2437 mixtione
1938 2383 2076 2438 faecis
2098 2404 2204 2438 non
2229 2386 2392 2441 modo
2418 2389 2689 2443 turbulen-

1664 2476 1748 2531 ta,
1773 2462 1866 2517 sed
1885 2475 1938 2516 et
1961 2482 2148 2536 sapore
2172 2463 2401 2519 deterior
2421 2480 2530 2533 est,
2553 2480 2686 2523 etc.-

1665 2543 1734 2595 Et
1773 2542 1954 2613 paullo
1985 2561 2184 2615 supra:
2214 2569 2241 2590 α
2255 2544 2418 2599 Foeeis
2443 2546 2654 2600 materia
2667 2586 2686 2611 ,

1665 2634 1726 2674 ut
1754 2623 1919 2692 spissa
1940 2634 2101 2695 atque
2129 2634 2338 2679 terrena
2352 2666 2368 2691 ,
2389 2628 2591 2681 coeteris
2611 2628 2684 2681 la-

1667 2700 1854 2753 ticibus
1881 2699 2115 2772 pondere
2129 2716 2368 2773 praestat,
2391 2706 2546 2760 melle
2565 2710 2686 2761 vin-

1665 2780 1816 2833 citur.
1836 2778 1968 2832 Ideo
1993 2780 2049 2832 in
2075 2780 2178 2834 illis
2204 2783 2460 2853 gravitate
2483 2784 2688 2841 demer-

1664 2856 1791 2931 g‘ene
1813 2859 1883 2913 ad
1919 2861 2146 2915 fundum
2181 2862 2407 2934 decidit3
2445 2868 2502 2920 in
2529 2869 2684 2922 melle

1663 2957 1813 3001 vero,
1842 2951 1901 2992 ut
1931 2940 2118 3007 levior,
2155 2941 2224 2996 de
2256 2945 2376 2998 loeo
2401 2946 2537 3001 victa
2570 2967 2684 3001 sur·

1660 3036 1777 3071 sum
1803 3019 2015 3090 pellitur
2030 3045 2074 3072 ι.
