2964 4690
493 349 631 445 298
1248 350 1854 419 PROOEMIUM

487 496 648 545 tom.
700 479 761 541 11
814 477 995 563 Poet.
1040 478 1199 543 min.
1252 499 1397 564 quae
1432 474 1738 541 eumdem
1770 498 1846 541 ac
1873 476 2242 567 AEnigmata
2277 494 2610 545 auctorem

484 584 723 649 habere
754 582 1086 670 probabile
1120 596 1221 647 est
1237 628 1257 663 ‚
1294 605 1502 671 quum
1539 599 1606 648 et
1641 581 1909 648 Coelium
1939 583 2372 671 &wamiam
2395 584 2614 649 libello

484 692 927 781 AEnigmatum
962 691 1361 779 inscripserit
1386 690 1674 756 Pithoeus
1693 737 1714 773 ,
1739 689 1918 755 baud
1942 682 2141 755 dubie
2169 713 2248 756 ex
2266 692 2466 756 veteri
2497 714 2614 755 co-

486 798 647 863 dice.
680 800 1016 886 Integrum
1042 797 1261 886 itaque
1288 818 1531 861 nomen
1559 796 1842 861 auctoris
1859 796 2128 862 fortasse
2157 797 2354 861 fuerit
2385 795 2614 861 Coelius

484 904 847 969 Firmianus
880 902 1321 991 Symphosius‚
1352 925 1473 967 nos
1509 918 1726 967 tamen
1752 950 1771 984 ,
1807 900 1875 967 id
1906 901 2088 990 quod
2118 902 2356 967 certius
2387 916 2486 967 est
2517 924 2618 967 se·

485 1009 675 1098 qunti
694 1058 711 1087 ‚
760 1006 1033 1073 Coelium'
1056 1022 1312 1073 tantum
1345 1009 1736 1097 &aporiam
1765 1007 2119 1073 inscribere
2140 1008 2464 1073 voluimus
2493 1030 2616 1071 au-

485 1115 779 1179 ctoritate
809 1112 1049 1179 codicis
1094 1114 1430 1179 Pithoeani.
1472 1114 1700 1203 Ipsum
1730 1113 2056 1202 Symposii
2101 1136 2342 1179 nomen
2374 1114 2451 1179 iis
2495 1136 2614 1179 soe·

486 1220 647 1284 culis
665 1268 684 1302 ,
716 1220 956 1308 quibus
986 1218 1383 1309 adsignanda
1403 1221 1610 1285 nostri
1639 1221 1922 1285 auctoris
1945 1234 2096 1285 aetas
2121 1236 2220 1285 est
2236 1266 2257 1302 ,
2294 1241 2430 1285 non
2461 1222 2614 1283 inu·

484 1327 747 1391 sitatum
798 1326 995 1391 fuisse
1014 1372 1035 1407 ,
1090 1325 1477 1415 jampridem
1519 1348 1642 1415 ego
1695 1325 1991 1391 Fabricio
2037 1340 2302 1393 auctore
2351 1324 2614 1391 duobus

488 1434 793 1522 exemplis
808 1483 827 1516 ,
864 1436 1099 1499 saeculo
1135 1450 1369 1523 quarto
1400 1434 1609 1499 obviis
1624 1481 1645 1517 ,
1685 1434 1955 1523 probavi
1987 1434 2054 1499 in
2087 1434 2338 1501 Proefat.
2378 1432 2460 1497 ad
2489 1433 2613 1497 La-

486 1540 706 1603 ctantii
756 1540 1131 1605 Phoenicem
1186 1542 1273 1629 (t.
1326 1541 1391 1604 Il
1448 1540 1520 1605 Ρ.
1559 1539 1650 1604 Μ.
1697 1560 1762 1629 p.
1816 1538 1965 1617 344.
2008 1537 2158 1627 En.)
2216 1540 2364 1604 Alio
2425 1540 2611 1620 loco,

484 1644 749 1733 (nempe
778 1642 839 1710 t.‘
852 1646 936 1729 11,
968 1671 1034 1736 p.
1062 1645 1185 1711 382
1212 1669 1347 1736 seq.
1368 1646 1516 1734 En.)
1549 1668 1796 1711 morem
1831 1646 2208 1735 sequior-um
2241 1660 2612 1733 temporum

484 1752 753 1817 nomina
800 1755 1061 1841 propria
1109 1777 1189 1818 ex
1236 1753 1630 1843 adpellativis
1675 1753 1908 1819 diversi
1952 1754 2202 1843 generis
2252 1750 2572 1817 formandi
2593 1801 2614 1833 ,

484 1873 561 1921 ut
593 1857 661 1920 in
692 1858 819 1923 hoc
848 1858 1171 1947 Symposii
1199 1861 1442 1925 factum
1468 1876 1568 1925 est
1585 1909 1604 1943 ,
1631 1860 1905 1925 aliorum
1933 1859 2280 1923 nominum
2311 1858 2614 1947 proprio-

482 1985 632 2027 rum
672 1964 979 2053 exemplis
1022 1964 1476 2031 demonstravi.
1526 1965 1623 2029 Ex
1666 1966 1880 2031 Africa
1901 2013 1946 2047 ,.
1961 1982 2026 2030 et
2071 1964 2340 2030 fortasse
2379 1964 2574 2029 Siccae
2593 2014 2614 2048 ,

482 2068 809 2134 Numidiae
844 2070 1099 2134 civitate
1114 2117 1135 2151 ‚
1168 2087 1386 2134 ortum
1418 2071 1619 2135 fuisse
1643 2070 2058 2159 Symposium
2081 2120 2102 2153 ‚
2125 2070 2474 2135 concedam
2501 2071 2578 2135 iis
2593 2118 2614 2151 ,

483 2176 599 2263 qui
634 2176 725 2239 ita
757 2174 979 2240 volent
1012 2189 1327 2255 statuere,
1369 2198 1577 2265 quum
1619 2176 1688 2239 in
1723 2176 2016 2241 versibus
2051 2176 2190 2257 ejus
2211 2226 2228 2255 ‚
2262 2176 2614 2265 praesertim

482 2280 553 2343 in
585 2279 901 2370 prologo,
939 2280 1313 2344 Africismos
1364 2280 1704 2347 observare
1743 2280 1870 2348 sibi
1909 2282 2030 2345 visi
2075 2282 2210 2345 sint
2239 2280 2473 2348 eruditi
2495 2328 2514 2363 ,
2549 2298 2614 2347 et

482 2386 785 2450 nonnulli
814 2386 1195 2476 scriptores,
1230 2387 1433 2476 patria
1468 2387 1794 2452 Siccenses
1816 2433 1834 2467 ,
1867 2404 1943 2451 ut
1977 2388 2205 2452 Caelius
2245 2387 2613 2452 Firmianus

483 2493 855 2558 Lactantius
874 2541 892 2576 ,
937 2509 1003 2558 et
1041 2493 1271 2558 Caelius
1318 2494 1701 2559 Aurelianus
1722 2542 1741 2576 ,
1790 2495 2079 2558 medicus
2099 2541 2119 2577 ‚
2150 2494 2322 2560 idem
2357 2517 2613 2583 praeno-

486 2620 637 2662 men
674 2615 920 2688 gerant.
962 2598 1124 2664 Satis
1167 2598 1510 2687 antiquum
1551 2613 1886 2664 auctorem
1902 2645 1922 2681 ,
1963 2620 2085 2663 nec
2122 2599 2206 2664 ad
2237 2599 2612 2664 inferiorem

488 2705 958 2793 barbaramque
991 2721 1245 2770 oetatem
1271 2704 1697 2785 rejiciendum
1717 2752 1737 2788 ,
1776 2704 1978 2769 multa
2011 2703 2335 2771 declarant
2353 2753 2372 2787 ,
2401 2727 2612 2794 quum

486 2812 625 2899 ipsa
659 2810 797 2891 ejus
830 2811 1036 2876 oratio
1059 2860 1080 2896 ,
1112 2834 1258 2900 quae
1290 2812 1439 2876 satis
1470 2828 1642 2878 casta
1671 2827 1736 2876 et
1768 2813 2058 2902 elegans,
2087 2828 2152 2876 et
2176 2835 2213 2877 a
2243 2812 2440 2876 naevis
2465 2833 2614 2876 cor-

480 2917 788 3007 ruptioris
820 2917 1175 2982 Latinitatis
1206 2940 1370 3007 pura
1404 2933 1503 2983 est
1521 2966 1540 3000 ,
1580 2941 1749 3007 saepe
1787 2918 1982 2983 etiam
2019 2917 2418 3008 optimorum
2452 2939 2612 3006 poe·

483 3039 695 3089 tarum
738 3024 1084 3089 lectionem
1130 3024 1353 3112 resipit
1389 3023 1522 3111 (1),
1569 3041 1710 3089 tum
1755 3023 2124 3089 testimonia
2163 3023 2610 3111 antiquiorum

484 3130 874 3219 scriptorum
891 3176 912 3211 ,
943 3130 1237 3218 qui-eum
1264 3129 1564 3214 laudant,
1592 3147 1666 3196 ut
1689 3129 2016 3196 Aldhelmi
2033 3177 2054 3211 ,
2079 3130 2194 3219 qui
2225 3129 2461 3196 saeculo
2486 3129 2612 3193 Vll

482 3234 642 3298 vixit
660 3281 678 3316 ‚
724 3235 1041 3325 sigeberti
1090 3233 1570 3300 Gemblacensis
1594 3285 1614 3320 ,
1658 3253 1725 3302 et
1772 3237 2048 3301 aliorum
2067 3281 2088 3320 ,
2135 3250 2275 3300 tum
2325 3233 2448 3300 den
2456 3234 2612 3323 ique

484 3341 819 3431 aenigmata
868 3343 1187 3407 nonnulla
1208 3390 1228 3426 ,
1276 3343 1676 3432 antiquitatis
1719 3343 1910 3432 plane
1955 3342 2260 3431 spirantia
2303 3341 2567 3432 genium
2589 3389 2612 3422 ,

486 3463 555 3511 et
595 3469 697 3512 res
738 3447 1031 3536 ritusque
1060 3448 1351 3514 notantia
1366 3497 1385 3530 ,
1422 3450 1538 3537 qui
1565 3448 2039 3537 antiquioribus
2073 3463 2324 3512 tantum
2361 3445 2610 3511 saeculis

480 3553 652 3616 inter
682 3555 1007 3618 Romanos
1060 3555 1279 3620 usitati
1307 3553 1600 3620 fuerunt.
1639 3555 1794 3620 Tale
1843 3571 1942 3619 est
1973 3553 2244 3642 aenigma
2269 3552 2301 3616 1
2344 3550 2425 3615 de
2461 3573 2610 3640 gra·

482 3657 673 3747 phio,
714 3659 887 3722 LVII
926 3658 1007 3723 de
1050 3660 1228 3726 clavo
1267 3661 1549 3751 caligari,
1591 3661 1829 3726 LXVII
1872 3660 1953 3726 de
1998 3659 2320 3748 Speculari
2339 3706 2358 3740 ,
2395 3655 2610 3721 LXIX

486 3765 569 3830 de
612 3762 945 3855 clepsydra
966 3813 987 3847 ,
1030 3767 1363 3831 LXXXVI
1406 3766 1490 3832 de
1525 3766 1784 3855 strigili,
1821 3765 2184 3830 LXXXVII
2227 3762 2308 3828 de
2351 3763 2608 3827 balneo.

550 4001 627 4067 (ι)
662 3997 748 4050 Sic
773 3995 1049 4050 Horatium
1073 3999 1287 4069 respicit
1312 3997 1522 4070 Prologi
1549 4017 1621 4051 vs.
1657 4001 1722 4050 16
1742 4037 1754 4058 ,
1783 3996 2009 4070 AEnigm.
2033 3995 2195 4060 XIII,
2230 4013 2249 4046 ι
2276 4014 2291 4060 3
2323 3991 2610 4064 Virgilium

488 4084 709 4150 ibidem,
738 4095 789 4138 et
814 4083 1058 4157 pluribus
1081 4083 1225 4141 loris.
