2964 4690
907 391 1498 460 MAXIMIANI
1548 389 1962 459 ELEGIAE.

569 511 890 606 Cymbala
929 509 1328 607 multiplices
1363 509 1561 581 edere
1600 509 1789 606 pulsa
1826 534 2025 580 sonos
2052 535 2068 577 :

2362 389 2505 484 249

473 623 674 692 Nunc
713 622 922 691 niveis
961 622 1224 717 digitis,
1264 645 1446 692 nunc
1489 621 1761 718 pulsans
1796 622 2059 716 pectine
2094 619 2409 706 chordam,

576 735 837 826 Arguto
878 732 1092 826 quivit
1125 756 1472 802 murmure
1506 729 1699 831 dulce
1739 731 1945 826 loqui.

381 929 476 984 Gr.
499 931 564 984 1..
598 929 665 982 G.
691 932 838 1002 quod
855 932 1218 1004 recipiendum
1246 932 1395 987 vide-

382 1021 506 1074 tur3
537 1008 629 1064 sed
656 1027 720 1064 ex
743 1010 824 1064 bis
849 1012 919 1063 V.
940 1022 993 1065 et
1012 1012 1110 1065 Gr.
1140 1023 1307 1065 totum
1327 1012 1412 1078 dis

382 1087 588 1142 stichon
617 1087 769 1143 aliter
786 1090 1140 1145 concinnant:
1173 1095 1292 1143 Vidi
1303 1112 1402 1160 per

384 1181 534 1219 comm
545 1171 816 1236 pendentia
837 1172 1063 1232 cymbala
1080 1189 1252 1238 corpus
1275 1174 1398 1222 Huic

383 1249 582 1314 quoqne
600 1249 906 1316 ηωιῲιεω,
928 1259 1028 1301 etc.

458 1343 542 1378 10.
571 1329 808 1391 (symbola
843 1329 1143 1396 multiplices.
1169 1327 1290 1380 Non
1317 1329 1398 1381 vi·

384 1404 578 1458 dentur
615 1404 706 1460 hic
735 1407 980 1479 cymbpla
1011 1407 1222 1479 proprie
1259 1405 1400 1461 dicta

387 1483 611 1556 intelligi
625 1525 643 1551 ,
669 1504 772 1542 nra
795 1505 922 1540 cava
947 1497 1001 1539 et
1019 1487 1224 1558 gemina
1243 1527 1260 1555 ,
1281 1505 1402 1558 quo

385 1582 640 1618 manuum
663 1566 940 1638 compulsu
956 1566 1204 1622 tinnitum
1222 1565 1401 1619 edunt.

385 1643 516 1697 Hac
537 1644 678 1698 enim
707 1663 880 1718 neque
898 1664 998 1719 per
1019 1657 1192 1699 totum
1211 1661 1402 1717 corpus

383 1723 652 1795 pendere,
691 1744 865 1798 neque
891 1725 1208 1798 multiplices
1246 1743 1404 1778 sonos

383 1803 543 1857 edere
601 1803 707 1858 dici
767 1817 1004 1878 possunt.
1067 1805 1402 1876 Quamquam

331 1907 340 1920 ·
385 1875 700 1974 multiplices
715 1901 872 1937 sonos
899 1882 1264 1958 cymbalorum
1279 1883 1407 1936 fuis·

387 1980 443 2014 se
471 1981 534 2016 ex
549 1963 670 2034 ipso
686 1962 791 2015 hoc
817 1963 1128 2016 Maximiani
1153 1963 1273 2016 loco
1287 1981 1407 2034 pro-

386 2041 518 2095 bare
529 2055 748 2096 conatur
763 2043 824 2096 F.
842 2044 904 2093 A.
920 2043 1120 2114 Iampe
1131 2041 1200 2094 de
1207 2040 1402 2114 Cymb.

384 2139 437 2192 p.
471 2122 587 2191 178,
612 2119 664 2174 id
691 2132 870 2176 tamen
889 2140 1055 2194 quum
1075 2139 1142 2174 ex
1173 2120 1290 2174 aliis
1319 2139 1400 2172 ve-

387 2201 668 2262 tustiorum
707 2212 984 2255 auctorum
1022 2200 1151 2255 locis
1189 2199 1401 2256 ostendi

385 2291 614 2353 nequeat
627 2319 643 2347 ,
665 2291 718 2333 et
744 2280 962 2334 varietas
977 2299 1232 2334 sonorum
1254 2279 1404 2334 haud

387 2358 605 2424 aliunde
644 2359 854 2426 venire,
886 2378 1049 2432 quam
1091 2379 1122 2413 e
1157 2359 1404 2413 varietate

386 2440 748 2508 instrumenti,
789 2438 1142 2503 chordarum,
1189 2439 1405 2493 forami-

385 2538 516 2572 num
559 2480 888 2593 aliaruinque
930 2520 1166 2591 partium
1209 2519 1406 2592 possit,

387 2596 512 2653 hinc
527 2598 660 2652 mibi
673 2598 886 2653 videtur
893 2598 1244 2653 Maximianus
1259 2616 1405 2671 cym-

386 2676 495 2730 bali
511 2678 826 2733 vocabulum
849 2696 992 2731 novo
1021 2689 1074 2731 et
1096 2678 1404 2731 recentiori·

387 2756 486 2811 bus
515 2758 718 2812 suculis
735 2756 958 2811 inducto
983 2757 1282 2830 significatu
1308 2776 1406 2828 pro

387 2836 598 2891 cithare
633 2838 718 2891 vel
753 2837 884 2911 lyras
923 2854 1115 2910 genere
1149 2835 1402 2907 posuisse.

388 2914 456 2969 Et
485 2917 612 2989 lyroe
634 2917 792 2971 etiam
816 2917 892 2971 sic
917 2918 1110 2989 gestari
1131 2915 1406 2983 dicuntur,

387 3006 448 3048 ut
465 2995 732 3067 pendeant
753 3015 818 3049 ex
855 3014 1080 3068 corpore
1097 3036 1112 3062 ,
1146 2996 1232 3050 vel
1260 3008 1412 3066 parte

387 3076 640 3148 corporis.
667 3076 867 3129 Tibull.
896 3077 998 3141 111,
1031 3082 1093 3141 4,
1119 3076 1218 3129 38:
1243 3075 1410 3127 «Ful-

387 3172 516 3225 geus
567 3154 830 3219 testudine
875 3166 927 3208 et
969 3172 1100 3208 auro
1142 3151 1411 3206 pendebat

389 3232 517 3287 lova
546 3234 760 3306 garrula
781 3246 934 3306 parte
952 3235 1070 3305 lyra
1088 3256 1129 3286 n.
1161 3263 1229 3273 —
1250 3238 1410 3285 Edere

382 3316 530 3383 pulsa
544 3312 808 3385 pleraque
826 3313 1050 3386 vulgata
1065 3331 1079 3366 :
1095 3316 1299 3365 reddere
1303 3316 1417 3379 pul·

387 3410 450 3442 sa
479 3392 544 3443 R.
571 3391 641 3444 G.
669 3422 741 3433 --
757 3394 1002 3459 meala.
1030 3390 1410 3445 Cmtnlistriam

387 3470 602 3542 pingere
622 3469 836 3525 videtur
853 3469 1233 3533 Maximianus,
1247 3488 1410 3542 quam

388 3548 530 3603 infra
556 3569 633 3604 vs.
665 3550 728 3605 13
747 3554 1014 3603 saltantem
1035 3549 1314 3614 describit,
1349 3561 1410 3602 ut

389 3628 536 3700 Copa
552 3669 570 3695 ,
597 3648 652 3683 v.
683 3648 739 3683 a:
771 3654 794 3677 ι
816 3629 1064 3702 Crispum
1090 3630 1191 3682 sub
1205 3629 1410 3683 crotalo

391 3708 548 3763 docta
568 3726 783 3763 movere
809 3710 948 3763 latus
961 3736 1007 3763 a.
1027 3710 1236 3763 Pariter
1255 3709 1310 3761 in
1327 3727 1411 3778 ep.

389 3804 521 3842 xxva
537 3786 608 3841 ad
627 3786 976 3881 Priapum
901 3808 916 3821 ·
953 3788 1260 3863 ‹Cymbala
1287 3806 1412 3841 cum

391 3865 604 3921 crotalis
631 3867 920 3941 pruriginis
943 3886 1092 3921 arma
1113 3867 1304 3938 Priapo
1325 3868 1416 3919 Po-

391 3946 498 4009 nit,
529 3958 582 3999 et
607 3945 840 4002 adducta
865 3958 1110 4021 tympana
1129 3946 1284 4019 pulsa
1311 3964 1415 3999 ma·

389 4043 516 4077 nu·
526 4024 686 4079 .Hoc
721 4026 962 4080 firmatur
987 4046 1054 4080 ex
1079 4036 1250 4079 statua
1281 4044 1416 4078 mar-

395 4122 596 4171 morea,
613 4124 732 4183 quat
757 4108 1018 4171 musicum
1046 4105 1290 4178 cymbala
1309 4122 1418 4159 ma-

1484 932 1642 986 nibus
1660 929 1903 984 adductis
1920 929 2305 984 concutientem
2323 929 2507 996 refert,

1484 1009 1629 1084 apud
1649 1011 1966 1076 Rubenium,
1984 1009 2052 1062 de
2069 1011 2142 1064 Re
2158 1009 2308 1063 Vest.
2326 1009 2419 1062 lib.
2436 1010 2512 1076 11,

1484 1110 1603 1163 cap.
1624 1111 1707 1162 17,
1742 1090 1834 1144 ubi
1854 1088 1975 1144 vide
1998 1109 2118 1162 quae
2148 1088 2217 1142 de
2252 1089 2511 1162 cymbalis

1486 1181 1763 1224 notantur.
1826 1169 2025 1223 Similia
2082 1168 2396 1224 crotalistria
2456 1178 2511 1222 et

1487 1249 1841 1322 cymbalistria
1869 1248 2082 1303 Melissa
2120 1247 2262 1321 apud
2295 1247 2509 1302 Petron.

1489 1346 1607 1400 cap.
1630 1331 1716 1380 61.
1744 1327 1853 1381 En.

1566 1427 1589 1461 1
1602 1425 1645 1461 ι.
1668 1410 1787 1459 Cum
1802 1409 1951 1460 niveis
1972 1407 2139 1474 digitis
2158 1405 2225 1459 G.
2234 1410 2413 1476 pulsas
2426 1425 2511 1476 ps-

1490 1502 1625 1538 etore
1659 1488 1729 1540 L.
1751 1516 1822 1539 --=
1844 1490 1989 1538 Nune
2016 1487 2165 1538 niveis
2192 1487 2375 1553 digitis,
2408 1495 2510 1538 etc.

1490 1567 1789 1639 Virg.AEn.
1825 1566 2101 1636 V1‚647.
2132 1565 2405 1637 -Jamque
2422 1581 2511 1618 ea-

1490 1645 1612 1700 dem
1664 1644 1841 1717 digitis
1856 1681 1872 1708 ,
1916 1649 2026 1716 jam
2075 1645 2287 1716 pectine
2338 1643 2514 1715 pulsnt

1491 1725 1693 1780 eburno
1710 1750 1755 1778 ι.
1772 1723 1879 1778 Sal.
1894 1725 2081 1778 Bassus
2098 1721 2166 1776 ad
2180 1721 2356 1776 Pison.
2382 1721 2479 1786 154
2496 1740 2511 1776 ε

1495 1803 1661 1858 -Sive
1688 1802 1881 1878 chelyn
1901 1801 2083 1874 digitis
2106 1813 2159 1856 et
2176 1801 2383 1854 eburno
2401 1819 2515 1857 ver·

1491 1883 1617 1937 bere
1634 1883 1814 1955 pulsas
1828 1909 1874 1937 n.

1568 1983 1649 2017 η.
1698 1969 1905 2032 Argue&
1944 1963 2190 2030 quidquid
2238 1959 2471 2030 vulgata
2494 1978 2511 2012 z

1493 2047 1763 2112 quidquam
1790 2043 1863 2096 V.
1882 2043 1947 2094 R.
1970 2059 2273 2109 qumquam
2292 2040 2352 2092 P.
2370 2043 2515 2107 quid-

1491 2127 1610 2176 dam
1636 2123 1703 2177 G.
1742 2119 2019 2194 Quidquid
2052 2121 2247 2174 horum
2270 2118 2515 2190 eligatur,

1492 2203 1729 2274 ineptum
1756 2213 1862 2268 est;
1890 2211 2139 2273 preterea
2169 2199 2397 2253 verbum
2420 2197 2515 2252 de·

1492 2301 1605 2336 esse
1660 2280 1868 2335 videtur
1922 2279 2329 2339 constructioni,
2372 2276 2515 2351 quod

1492 2360 1838 2433 participium
1870 2363 2086 2428 pulsans
2122 2368 2393 2431 sequatur.
2421 2358 2519 2409 Le·

1491 2440 1727 2513 gendum
1781 2439 2006 2494 arbitror
2058 2444 2272 2507 pulsans
2322 2438 2521 2507 pectine

1492 2522 1705 2572 chordas
1724 2524 1919 2587 Arguto
1935 2520 2086 2586 quivit
2106 2536 2349 2569 mumme
2376 2519 2521 2568 dulce

1491 2601 1642 2667 loqui.
1660 2598 1901 2651 Verbum
1930 2596 2035 2649 hoc
2056 2600 2207 2665 quivit
2226 2594 2435 2667 decepit
2452 2594 2520 2647 li·

1490 2678 1695 2732 brarios
1712 2716 1729 2739 ,
1772 2688 1832 2729 ut
1856 2678 2101 2744 quidquid
2130 2676 2215 2729 vel
2245 2677 2517 2743 quidquam

1492 2758 1738 2829 legerent.
1767 2786 1839 2796 -—
1865 2759 2057 2823 Arguto
2098 2757 2275 2823 quivit,
2308 2759 2413 2807 etc‘.
2432 2752 2516 2805 Ad

1493 2848 1695 2891 tactum
1717 2834 1932 2889 cithara!
1946 2834 2123 2905 potuit
2135 2833 2291 2887 dulce
2310 2850 2519 2886 carmen

1495 2926 1679 2988 arguta
1712 2932 1845 2967 voce
1870 2912 2065 2967 dicere.
2086 2912 2227 2967 Hinc
2257 2932 2307 2964 v.
2336 2930 2402 2963 so
2430 2930 2519 2963 νο-

1496 3014 1600 3048 cem
1623 3012 1923 3061 manumque
1964 2994 2081 3064 ejus
2112 2990 2325 3053 laudat,
2362 3002 2415 3043 et
2438 3008 2519 3043 re-

1498 3074 1727 3147 spexisse
1754 3074 1929 3127 locum
1956 3071 2159 3125 Tibulli
2192 3068 2356 3123 modo
2386 3069 2519 3123 cita-

1498 3164 1613 3207 tum
1641 3152 1880 3220 videtur,
1920 3170 2031 3225 quo
2068 3150 2239 3223 pergit
2276 3170 2291 3205 z
2330 3176 2357 3197 α
2370 3149 2523 3203 Hanc

1501 3233 1757 3306 (lyram)
1787 3232 2015 3303 primum
2062 3232 2281 3286 veniens
2318 3230 2525 3303 plectro

1504 3310 1811 3365 modulatus
1854 3312 2059 3365 eburno
2104 3310 2305 3365 Felices
2338 3321 2525 3363 cantus

1502 3410 1595 3445 ore
1606 3402 1827 3444 sonante
1838 3388 2035 3444 dedit».
2058 3392 2216 3458 Quivit
2226 3391 2403 3463 perfec
2408 3402 2525 3443 tum

1500 3470 1683 3542 posui,
1697 3469 1823 3541 qnia
1840 3469 2203 3541 processum.
2230 3488 2262 3539 7
2282 3488 2297 3522 :
2314 3495 2342 3515 «-
2360 3468 2525 3540 Virgo

1502 3549 1603 3602 fuit
1619 3574 1664 3614 a,
1690 3560 1741 3601 et
1776 3566 1823 3599 v.
1846 3564 1917 3615 9:
1957 3572 1979 3597 α
1998 3546 2104 3600 vidi
2132 3546 2287 3601 edere
2308 3564 2521 3601 sonos».

1498 3633 1723 3681 Mumm-
1746 3626 2101 3679 Maximianus
2124 3624 2299 3681 dicere
2313 3624 2525 3679 videtur

1500 3707 1675 3760 lenem
1718 3718 1935 3759 cantum
1982 3703 2066 3759 vel
2108 3704 2523 3759 modulationem

1501 3786 1683 3849 vocis,
1712 3796 1773 3838 ut
1801 3784 1885 3839 El.
1915 3787 1987 3851 V,
2017 3804 2095 3839 10.
2122 3786 2265 3839 Clar.
2307 3786 2523 3838 Omme·

1502 3883 1663 3918 renus
1675 3863 1893 3937 quidem
1916 3866 2070 3919 aliter
2086 3864 2230 3917 hunc
2248 3864 2460 3917 locum
2444 3882 2525 3916 in-

1506 3944 1720 4037 telligit,
1744 3943 2133 4016 legendumque
2154 3954 2331 3998 censet
2346 3948 2524 4012 pulsas

1496 4026 1691 4094 pectine
1700 4028 1930 4090 chordas,
1938 4036 1989 4076 et
2000 4027 2143 4075 dulce
2160 4024 2297 4090 loqui
2308 4020 2379 4075 ad
2386 4024 2525 4073 ο-Ιιον

1508 4108 1601 4157 das
1628 4103 1821 4167 trabit,
1838 4114 1895 4157 ut
1916 4102 1985 4157 de
2006 4103 2123 4156 solo
2134 4112 2293 4155 cantu
2314 4102 2525 4157 citharae
