<?xml version="1.0" encoding="UTF-8"?>
<!DOCTYPE html PUBLIC "-//W3C//DTD XHTML 1.0 Transitional//EN"
    "http://www.w3.org/TR/xhtml1/DTD/xhtml1-transitional.dtd">
<html xmlns="http://www.w3.org/1999/xhtml" xml:lang="en" lang="en">
 <head>
  <title>
</title>
<meta http-equiv="Content-Type" content="text/html;charset=utf-8" />
  <meta name='ocr-system' content='tesseract 3.04.00' />
  <meta name='ocr-capabilities' content='ocr_page ocr_carea ocr_par ocr_line ocrx_word'/>
</head>
<body>
  <div class='ocr_page' id='page_1' title='image "./poetaelatinimin02unkngoog_0016.png"; bbox 0 0 2964 4690; ppageno 0'>
   <div class='ocr_carea' id='block_1_1' title="bbox 995 383 2458 478">
    <p class='ocr_par' dir='ltr' id='par_1_1' title="bbox 995 383 2458 478">
     <span class='ocr_line' id='line_1_1' title="bbox 995 383 2458 478; baseline 0.002 -28"><span class='ocrx_word' id='word_1_1' title='bbox 995 383 1126 450; x_wconf 85' lang='lat' dir='ltr'>DE</span> <span class='ocrx_word' id='word_1_2' title='bbox 1174 385 1817 456; x_wconf 80' lang='lat' dir='ltr'><strong>COLUMELLA.</strong></span> <span class='ocrx_word' id='word_1_3' title='bbox 2420 408 2458 478; x_wconf 88' lang='lat'><strong>7</strong></span> 
     </span>
    </p>
   </div>
   <div class='ocr_carea' id='block_1_2' title="bbox 357 507 2469 1544">
    <p class='ocr_par' dir='ltr' id='par_1_2' title="bbox 357 507 2469 1544">
     <span class='ocr_line' id='line_1_2' title="bbox 357 507 2465 595; baseline 0.003 -25"><span class='ocrx_word' id='word_1_4' title='bbox 357 507 620 572; x_wconf 76' lang='lat' dir='ltr'>fmtrem</span> <span class='ocrx_word' id='word_1_5' title='bbox 645 507 928 591; x_wconf 81' lang='lat' dir='ltr'>Senecoe,</span> <span class='ocrx_word' id='word_1_6' title='bbox 945 509 1130 590; x_wconf 87' lang='lat' dir='ltr'>cujus</span> <span class='ocrx_word' id='word_1_7' title='bbox 1145 511 1565 578; x_wconf 82' lang='lat' dir='ltr'>familiaritate</span> <span class='ocrx_word' id='word_1_8' title='bbox 1591 515 1929 595; x_wconf 88' lang='lat' dir='ltr'>utebatur,</span> <span class='ocrx_word' id='word_1_9' title='bbox 1946 528 2217 578; x_wconf 76' lang='lat' dir='ltr'>testam</span> <span class='ocrx_word' id='word_1_10' title='bbox 2236 515 2307 576; x_wconf 90' lang='lat' dir='ltr'>in</span> <span class='ocrx_word' id='word_1_11' title='bbox 2334 511 2465 577; x_wconf 83' lang='lat' dir='ltr'>fine</span> 
     </span>
     <span class='ocr_line' id='line_1_3' title="bbox 357 612 2461 705; baseline 0.003 -30"><span class='ocrx_word' id='word_1_12' title='bbox 357 612 504 675; x_wconf 82' lang='lat' dir='ltr'>libri</span> <span class='ocrx_word' id='word_1_13' title='bbox 539 613 676 676; x_wconf 86' lang='lat' dir='ltr'>IX:</span> <span class='ocrx_word' id='word_1_14' title='bbox 728 643 756 670; x_wconf 74' lang='grc' dir='ltr'>ιι</span> <span class='ocrx_word' id='word_1_15' title='bbox 775 613 940 696; x_wconf 80' lang='lat' dir='ltr'>Quae</span> <span class='ocrx_word' id='word_1_16' title='bbox 969 615 1246 703; x_wconf 83' lang='lat' dir='ltr'>reliqua,</span> <span class='ocrx_word' id='word_1_17' title='bbox 1297 617 1545 705; x_wconf 86' lang='lat' dir='ltr'>inquit,</span> <span class='ocrx_word' id='word_1_18' title='bbox 1600 618 1788 684; x_wconf 86' lang='lat' dir='ltr'>nobis</span> <span class='ocrx_word' id='word_1_19' title='bbox 1822 619 2207 684; x_wconf 88' lang='lat' dir='ltr'>rusticarum</span> <span class='ocrx_word' id='word_1_20' title='bbox 2244 640 2461 682; x_wconf 88' lang='lat' dir='ltr'>rerum</span> 
     </span>
     <span class='ocr_line' id='line_1_4' title="bbox 357 718 2465 811; baseline 0.004 -31"><span class='ocrx_word' id='word_1_21' title='bbox 357 739 504 804; x_wconf 87' lang='lat' dir='ltr'>pars</span> <span class='ocrx_word' id='word_1_22' title='bbox 533 735 828 806; x_wconf 75' lang='lat' dir='ltr'>superest</span> <span class='ocrx_word' id='word_1_23' title='bbox 849 767 870 802; x_wconf 91' lang='lat'>,</span> <span class='ocrx_word' id='word_1_24' title='bbox 895 718 978 784; x_wconf 90' lang='lat' dir='ltr'>de</span> <span class='ocrx_word' id='word_1_25' title='bbox 1002 720 1184 784; x_wconf 87' lang='lat' dir='ltr'>cultu</span> <span class='ocrx_word' id='word_1_26' title='bbox 1220 721 1565 788; x_wconf 87' lang='lat' dir='ltr'>hortorum</span> <span class='ocrx_word' id='word_1_27' title='bbox 1584 771 1605 805; x_wconf 95' lang='lat'>,</span> <span class='ocrx_word' id='word_1_28' title='bbox 1638 723 1829 790; x_wconf 89' lang='lat' dir='ltr'><strong>Publi</strong></span> <span class='ocrx_word' id='word_1_29' title='bbox 1858 724 2129 804; x_wconf 81' lang='lat' dir='ltr'>Silvine,</span> <span class='ocrx_word' id='word_1_30' title='bbox 2162 721 2465 811; x_wconf 83' lang='lat' dir='ltr'>deinceps</span> 
     </span>
     <span class='ocr_line' id='line_1_5' title="bbox 359 821 2465 917; baseline 0.002 -32"><span class='ocrx_word' id='word_1_31' title='bbox 359 821 482 902; x_wconf 84' lang='lat' dir='ltr'>ita,</span> <span class='ocrx_word' id='word_1_32' title='bbox 512 837 590 886; x_wconf 90' lang='lat' dir='ltr'>ut</span> <span class='ocrx_word' id='word_1_33' title='bbox 620 837 688 886; x_wconf 90' lang='lat' dir='ltr'>et</span> <span class='ocrx_word' id='word_1_34' title='bbox 713 823 874 900; x_wconf 87' lang='lat' dir='ltr'>tibi,</span> <span class='ocrx_word' id='word_1_35' title='bbox 911 838 978 888; x_wconf 89' lang='lat' dir='ltr'>et</span> <span class='ocrx_word' id='word_1_36' title='bbox 1007 825 1284 890; x_wconf 85' lang='lat' dir='ltr'>Gallioni</span> <span class='ocrx_word' id='word_1_37' title='bbox 1315 844 1542 892; x_wconf 90' lang='lat' dir='ltr'>nostro</span> <span class='ocrx_word' id='word_1_38' title='bbox 1574 829 2081 917; x_wconf 78' lang='lat' dir='ltr'>complacuerat,</span> <span class='ocrx_word' id='word_1_39' title='bbox 2108 829 2179 891; x_wconf 87' lang='lat' dir='ltr'>in</span> <span class='ocrx_word' id='word_1_40' title='bbox 2207 849 2465 894; x_wconf 86' lang='lat' dir='ltr'>carmen</span> 
     </span>
     <span class='ocr_line' id='line_1_6' title="bbox 360 927 2467 1016; baseline 0.003 -26"><span class='ocrx_word' id='word_1_41' title='bbox 360 927 766 993; x_wconf 84' lang='lat' dir='ltr'>conferemus</span> <span class='ocrx_word' id='word_1_42' title='bbox 779 960 824 992; x_wconf 69' lang='lat' dir='ltr'>n.</span> <span class='ocrx_word' id='word_1_43' title='bbox 853 927 1084 994; x_wconf 77' lang='lat' dir='ltr'><strong>Postea</strong></span> <span class='ocrx_word' id='word_1_44' title='bbox 1097 978 1116 1012; x_wconf 90' lang='lat'>,</span> <span class='ocrx_word' id='word_1_45' title='bbox 1149 932 1450 997; x_wconf 84' lang='lat' dir='ltr'>confecto</span> <span class='ocrx_word' id='word_1_46' title='bbox 1486 933 1613 998; x_wconf 90' lang='lat' dir='ltr'>hoc</span> <span class='ocrx_word' id='word_1_47' title='bbox 1644 935 1925 998; x_wconf 83' lang='lat' dir='ltr'>carmine</span> <span class='ocrx_word' id='word_1_48' title='bbox 1947 982 1967 1016; x_wconf 91' lang='lat'>,</span> <span class='ocrx_word' id='word_1_49' title='bbox 1996 933 2303 999; x_wconf 86' lang='lat' dir='ltr'>Claudius</span> <span class='ocrx_word' id='word_1_50' title='bbox 2328 935 2467 997; x_wconf 87' lang='lat' dir='ltr'>Au-</span> 
     </span>
     <span class='ocr_line' id='line_1_7' title="bbox 359 1033 2465 1128; baseline 0.003 -33"><span class='ocrx_word' id='word_1_51' title='bbox 359 1033 620 1119; x_wconf 82' lang='lat' dir='ltr'>gustalis</span> <span class='ocrx_word' id='word_1_52' title='bbox 649 1081 668 1115; x_wconf 90' lang='lat'>,</span> <span class='ocrx_word' id='word_1_53' title='bbox 713 1033 1110 1118; x_wconf 81' lang='lat' dir='ltr'>adolescens,</span> <span class='ocrx_word' id='word_1_54' title='bbox 1161 1039 1597 1126; x_wconf 85' lang='lat' dir='ltr'>complurium</span> <span class='ocrx_word' id='word_1_55' title='bbox 1637 1041 2047 1104; x_wconf 83' lang='lat' dir='ltr'>sermonibus</span> <span class='ocrx_word' id='word_1_56' title='bbox 2094 1039 2431 1128; x_wconf 85' lang='lat' dir='ltr'>instigatus</span> <span class='ocrx_word' id='word_1_57' title='bbox 2446 1086 2465 1120; x_wconf 97' lang='lat'>,</span> 
     </span>
     <span class='ocr_line' id='line_1_8' title="bbox 360 1135 2465 1232; baseline 0.003 -32"><span class='ocrx_word' id='word_1_58' title='bbox 360 1135 612 1201; x_wconf 83' lang='lat' dir='ltr'>extudit</span> <span class='ocrx_word' id='word_1_59' title='bbox 627 1137 718 1219; x_wconf 86' lang='lat' dir='ltr'>ei,</span> <span class='ocrx_word' id='word_1_60' title='bbox 744 1153 819 1202; x_wconf 87' lang='lat' dir='ltr'>ut</span> <span class='ocrx_word' id='word_1_61' title='bbox 838 1139 1086 1204; x_wconf 89' lang='lat' dir='ltr'>cultum</span> <span class='ocrx_word' id='word_1_62' title='bbox 1118 1140 1464 1206; x_wconf 90' lang='lat' dir='ltr'>hortorum</span> <span class='ocrx_word' id='word_1_63' title='bbox 1494 1165 1685 1232; x_wconf 87' lang='lat' dir='ltr'>prosa</span> <span class='ocrx_word' id='word_1_64' title='bbox 1710 1144 2001 1208; x_wconf 86' lang='lat' dir='ltr'>oratione</span> <span class='ocrx_word' id='word_1_65' title='bbox 2026 1157 2465 1232; x_wconf 85' lang='lat' dir='ltr'>componeret.</span> 
     </span>
     <span class='ocr_line' id='line_1_9' title="bbox 362 1237 2469 1330; baseline 0.003 -27"><span class='ocrx_word' id='word_1_66' title='bbox 362 1237 560 1322; x_wconf 92' lang='lat' dir='ltr'>Quod</span> <span class='ocrx_word' id='word_1_67' title='bbox 587 1258 666 1305; x_wconf 89' lang='lat' dir='ltr'>ut</span> <span class='ocrx_word' id='word_1_68' title='bbox 693 1260 1180 1330; x_wconf 84' lang='lat' dir='ltr'>exsequeretur,</span> <span class='ocrx_word' id='word_1_69' title='bbox 1213 1245 1380 1309; x_wconf 88' lang='lat' dir='ltr'>libro</span> <span class='ocrx_word' id='word_1_70' title='bbox 1411 1247 1509 1310; x_wconf 82' lang='lat' dir='ltr'>xl</span> <span class='ocrx_word' id='word_1_71' title='bbox 1526 1295 1544 1329; x_wconf 92' lang='lat'>‚</span> <span class='ocrx_word' id='word_1_72' title='bbox 1565 1247 1777 1310; x_wconf 82' lang='lat' dir='ltr'>Vinici</span> <span class='ocrx_word' id='word_1_73' title='bbox 1807 1245 2033 1312; x_wconf 77' lang='lat' dir='ltr'>officiis</span> <span class='ocrx_word' id='word_1_74' title='bbox 2058 1246 2469 1312; x_wconf 83' lang='lat' dir='ltr'>recensendis</span> 
     </span>
     <span class='ocr_line' id='line_1_10' title="bbox 359 1344 2467 1441; baseline 0.002 -30"><span class='ocrx_word' id='word_1_75' title='bbox 359 1344 699 1428; x_wconf 84' lang='lat' dir='ltr'>destinato,</span> <span class='ocrx_word' id='word_1_76' title='bbox 720 1347 1052 1413; x_wconf 86' lang='lat' dir='ltr'>subtexuit</span> <span class='ocrx_word' id='word_1_77' title='bbox 1063 1372 1284 1414; x_wconf 89' lang='lat' dir='ltr'>curam</span> <span class='ocrx_word' id='word_1_78' title='bbox 1302 1351 1569 1416; x_wconf 89' lang='lat' dir='ltr'>olitoris.</span> <span class='ocrx_word' id='word_1_79' title='bbox 1589 1350 1781 1416; x_wconf 88' lang='lat' dir='ltr'>Unde</span> <span class='ocrx_word' id='word_1_80' title='bbox 1804 1354 2044 1417; x_wconf 78' lang='lat' dir='ltr'>factum</span> <span class='ocrx_word' id='word_1_81' title='bbox 2064 1365 2181 1435; x_wconf 88' lang='lat' dir='ltr'>est,</span> <span class='ocrx_word' id='word_1_82' title='bbox 2195 1369 2273 1417; x_wconf 83' lang='lat' dir='ltr'>ut</span> <span class='ocrx_word' id='word_1_83' title='bbox 2282 1353 2467 1441; x_wconf 90' lang='lat' dir='ltr'>plura</span> 
     </span>
     <span class='ocr_line' id='line_1_11' title="bbox 361 1450 2466 1544; baseline 0.003 -29"><span class='ocrx_word' id='word_1_84' title='bbox 361 1450 440 1516; x_wconf 91' lang='lat' dir='ltr'>de</span> <span class='ocrx_word' id='word_1_85' title='bbox 469 1454 718 1517; x_wconf 90' lang='lat' dir='ltr'>olerum</span> <span class='ocrx_word' id='word_1_86' title='bbox 736 1453 1206 1544; x_wconf 83' lang='lat' dir='ltr'>fructuumque</span> <span class='ocrx_word' id='word_1_87' title='bbox 1235 1457 1644 1521; x_wconf 90' lang='lat' dir='ltr'>hortensium</span> <span class='ocrx_word' id='word_1_88' title='bbox 1672 1480 1825 1523; x_wconf 90' lang='lat' dir='ltr'>cura</span> <span class='ocrx_word' id='word_1_89' title='bbox 1851 1459 1918 1522; x_wconf 89' lang='lat' dir='ltr'>in</span> <span class='ocrx_word' id='word_1_90' title='bbox 1951 1459 2233 1526; x_wconf 85' lang='lat' dir='ltr'>carmine</span> <span class='ocrx_word' id='word_1_91' title='bbox 2262 1458 2430 1523; x_wconf 80' lang='lat' dir='ltr'>dicta</span> <span class='ocrx_word' id='word_1_92' title='bbox 2448 1506 2466 1540; x_wconf 90' lang='lat'>,</span> 
     </span>
    </p>
   </div>
   <div class='ocr_carea' id='block_1_3' title="bbox 362 1557 2470 1732">
    <p class='ocr_par' dir='ltr' id='par_1_3' title="bbox 362 1557 2470 1732">
     <span class='ocr_line' id='line_1_12' title="bbox 362 1557 2470 1652; baseline 0.002 -32"><span class='ocrx_word' id='word_1_93' title='bbox 362 1557 484 1621; x_wconf 83' lang='lat' dir='ltr'>isto</span> <span class='ocrx_word' id='word_1_94' title='bbox 511 1557 676 1622; x_wconf 90' lang='lat' dir='ltr'>libro</span> <span class='ocrx_word' id='word_1_95' title='bbox 707 1575 1157 1647; x_wconf 83' lang='lat' dir='ltr'>repeterentur</span> <span class='ocrx_word' id='word_1_96' title='bbox 1177 1608 1195 1642; x_wconf 90' lang='lat'>,</span> <span class='ocrx_word' id='word_1_97' title='bbox 1223 1577 1288 1626; x_wconf 91' lang='lat' dir='ltr'>et</span> <span class='ocrx_word' id='word_1_98' title='bbox 1305 1559 1585 1632; x_wconf 87' lang='lat' dir='ltr'>subinde</span> <span class='ocrx_word' id='word_1_99' title='bbox 1619 1563 1921 1628; x_wconf 87' lang='lat' dir='ltr'>uberiore</span> <span class='ocrx_word' id='word_1_100' title='bbox 1948 1586 2245 1628; x_wconf 88' lang='lat' dir='ltr'>sermone</span> <span class='ocrx_word' id='word_1_101' title='bbox 2278 1564 2470 1652; x_wconf 84' lang='lat' dir='ltr'>expli-</span> 
     </span>
     <span class='ocr_line' id='line_1_13' title="bbox 362 1681 676 1732; baseline 0.016 -6"><span class='ocrx_word' id='word_1_102' title='bbox 362 1681 676 1732; x_wconf 75' lang='lat' dir='ltr'>curentur.</span> 
     </span>
    </p>
   </div>
   <div class='ocr_carea' id='block_1_4' title="bbox 355 1771 2471 4184">
    <p class='ocr_par' dir='ltr' id='par_1_4' title="bbox 355 1771 2471 4184">
     <span class='ocr_line' id='line_1_14' title="bbox 450 1771 2467 1853; baseline 0.002 -18"><span class='ocrx_word' id='word_1_103' title='bbox 450 1771 648 1853; x_wconf 90' lang='lat' dir='ltr'>Quod</span> <span class='ocrx_word' id='word_1_104' title='bbox 678 1773 1026 1838; x_wconf 80' lang='lat' dir='ltr'>Columella</span> <span class='ocrx_word' id='word_1_105' title='bbox 1057 1774 1294 1840; x_wconf 88' lang='lat' dir='ltr'>librum</span> <span class='ocrx_word' id='word_1_106' title='bbox 1321 1799 1515 1840; x_wconf 87' lang='lat' dir='ltr'>suum</span> <span class='ocrx_word' id='word_1_107' title='bbox 1554 1775 1806 1841; x_wconf 79' lang='lat' dir='ltr'>Cultum</span> <span class='ocrx_word' id='word_1_108' title='bbox 1832 1776 2153 1842; x_wconf 75' lang='lat' dir='ltr'>hortorum</span> <span class='ocrx_word' id='word_1_109' title='bbox 2184 1777 2251 1840; x_wconf 93' lang='lat' dir='ltr'>in</span> <span class='ocrx_word' id='word_1_110' title='bbox 2281 1777 2467 1842; x_wconf 89' lang='lat' dir='ltr'>titulo</span> 
     </span>
     <span class='ocr_line' id='line_1_15' title="bbox 359 1876 2465 1970; baseline 0.002 -30"><span class='ocrx_word' id='word_1_111' title='bbox 359 1876 626 1965; x_wconf 87' lang='lat' dir='ltr'>pariter,</span> <span class='ocrx_word' id='word_1_112' title='bbox 659 1894 850 1966; x_wconf 89' lang='lat' dir='ltr'>atque</span> <span class='ocrx_word' id='word_1_113' title='bbox 872 1879 1016 1967; x_wconf 88' lang='lat' dir='ltr'>ipso</span> <span class='ocrx_word' id='word_1_114' title='bbox 1035 1879 1352 1968; x_wconf 87' lang='lat' dir='ltr'>principio</span> <span class='ocrx_word' id='word_1_115' title='bbox 1384 1881 1685 1945; x_wconf 87' lang='lat' dir='ltr'>carminis</span> <span class='ocrx_word' id='word_1_116' title='bbox 1705 1881 2056 1970; x_wconf 86' lang='lat' dir='ltr'>inscripsit,</span> <span class='ocrx_word' id='word_1_117' title='bbox 2082 1881 2150 1946; x_wconf 88' lang='lat' dir='ltr'>id</span> <span class='ocrx_word' id='word_1_118' title='bbox 2170 1882 2465 1962; x_wconf 82' lang='lat' dir='ltr'>fortasse,</span> 
     </span>
     <span class='ocr_line' id='line_1_16' title="bbox 361 1981 2469 2075; baseline 0.002 -32"><span class='ocrx_word' id='word_1_119' title='bbox 361 1981 414 2044; x_wconf 84' lang='lat' dir='ltr'>si</span> <span class='ocrx_word' id='word_1_120' title='bbox 443 1983 873 2068; x_wconf 88' lang='lat' dir='ltr'>quorumdam</span> <span class='ocrx_word' id='word_1_121' title='bbox 901 1984 1306 2049; x_wconf 88' lang='lat' dir='ltr'>eruditorum</span> <span class='ocrx_word' id='word_1_122' title='bbox 1329 1985 1765 2066; x_wconf 86' lang='lat' dir='ltr'>conjecturam</span> <span class='ocrx_word' id='word_1_123' title='bbox 1786 1989 2145 2075; x_wconf 89' lang='lat' dir='ltr'>sequimur,</span> <span class='ocrx_word' id='word_1_124' title='bbox 2176 1987 2469 2074; x_wconf 89' lang='lat' dir='ltr'>exemplo</span> 
     </span>
     <span class='ocr_line' id='line_1_17' title="bbox 359 2089 2466 2180; baseline 0 -29"><span class='ocrx_word' id='word_1_125' title='bbox 359 2102 427 2151; x_wconf 90' lang='lat' dir='ltr'>et</span> <span class='ocrx_word' id='word_1_126' title='bbox 451 2089 804 2153; x_wconf 87' lang='lat' dir='ltr'>imitatione</span> <span class='ocrx_word' id='word_1_127' title='bbox 829 2090 1194 2156; x_wconf 61' lang='lat' dir='ltr'>Maecenatis</span> <span class='ocrx_word' id='word_1_128' title='bbox 1227 2092 1413 2175; x_wconf 85' lang='lat' dir='ltr'>fecit,</span> <span class='ocrx_word' id='word_1_129' title='bbox 1453 2115 1650 2180; x_wconf 90' lang='lat' dir='ltr'>quem</span> <span class='ocrx_word' id='word_1_130' title='bbox 1679 2093 1919 2158; x_wconf 88' lang='lat' dir='ltr'>Seneca</span> <span class='ocrx_word' id='word_1_131' title='bbox 1950 2092 2231 2180; x_wconf 85' lang='lat' dir='ltr'>Epistola</span> <span class='ocrx_word' id='word_1_132' title='bbox 2258 2093 2466 2156; x_wconf 87' lang='lat' dir='ltr'>CXIV</span> 
     </span>
     <span class='ocr_line' id='line_1_18' title="bbox 357 2194 2466 2290; baseline 0.001 -33"><span class='ocrx_word' id='word_1_133' title='bbox 357 2207 626 2258; x_wconf 82' lang='lat' dir='ltr'>testatur</span> <span class='ocrx_word' id='word_1_134' title='bbox 645 2194 881 2259; x_wconf 89' lang='lat' dir='ltr'>librum</span> <span class='ocrx_word' id='word_1_135' title='bbox 909 2195 1271 2284; x_wconf 85' lang='lat' dir='ltr'>scripsisse,</span> <span class='ocrx_word' id='word_1_136' title='bbox 1304 2197 1409 2260; x_wconf 89' lang='lat' dir='ltr'>cui</span> <span class='ocrx_word' id='word_1_137' title='bbox 1441 2197 1670 2261; x_wconf 89' lang='lat' dir='ltr'>titulus</span> <span class='ocrx_word' id='word_1_138' title='bbox 1710 2195 1925 2290; x_wconf 62' lang='lat' dir='ltr'>Cultus</span> <span class='ocrx_word' id='word_1_139' title='bbox 1950 2245 1969 2279; x_wconf 92' lang='lat'>,</span> <span class='ocrx_word' id='word_1_140' title='bbox 2016 2197 2118 2261; x_wconf 84' lang='lat' dir='ltr'>vel</span> <span class='ocrx_word' id='word_1_141' title='bbox 2156 2197 2233 2260; x_wconf 75' lang='lat' dir='ltr'>de</span> <span class='ocrx_word' id='word_1_142' title='bbox 2279 2195 2466 2261; x_wconf 81' lang='lat' dir='ltr'>Cultu</span> 
     </span>
     <span class='ocr_line' id='line_1_19' title="bbox 356 2299 2467 2392; baseline 0.002 -30"><span class='ocrx_word' id='word_1_143' title='bbox 356 2321 468 2363; x_wconf 77' lang='lat' dir='ltr'>suo</span> <span class='ocrx_word' id='word_1_144' title='bbox 508 2299 652 2365; x_wconf 85' lang='lat' dir='ltr'>fuit.</span> <span class='ocrx_word' id='word_1_145' title='bbox 685 2301 922 2365; x_wconf 87' lang='lat' dir='ltr'>Seneca</span> <span class='ocrx_word' id='word_1_146' title='bbox 961 2325 1039 2367; x_wconf 80' lang='lat' dir='ltr'>ex</span> <span class='ocrx_word' id='word_1_147' title='bbox 1089 2324 1168 2367; x_wconf 91' lang='lat' dir='ltr'>eo</span> <span class='ocrx_word' id='word_1_148' title='bbox 1209 2301 1520 2391; x_wconf 90' lang='lat' dir='ltr'>quasdam</span> <span class='ocrx_word' id='word_1_149' title='bbox 1553 2301 1891 2392; x_wconf 87' lang='lat' dir='ltr'>particulas</span> <span class='ocrx_word' id='word_1_150' title='bbox 1922 2318 1988 2367; x_wconf 89' lang='lat' dir='ltr'>et</span> <span class='ocrx_word' id='word_1_151' title='bbox 2018 2317 2335 2367; x_wconf 87' lang='lat' dir='ltr'>commata</span> <span class='ocrx_word' id='word_1_152' title='bbox 2368 2323 2467 2367; x_wconf 90' lang='lat' dir='ltr'>se-</span> 
     </span>
     <span class='ocr_line' id='line_1_20' title="bbox 355 2390 2467 2496; baseline 0.002 -29"><span class='ocrx_word' id='word_1_153' title='bbox 355 2390 515 2469; x_wconf 85' lang='lat' dir='ltr'>lecta</span> <span class='ocrx_word' id='word_1_154' title='bbox 547 2404 872 2495; x_wconf 85' lang='lat' dir='ltr'>producit,</span> <span class='ocrx_word' id='word_1_155' title='bbox 909 2424 986 2471; x_wconf 89' lang='lat' dir='ltr'>ut</span> <span class='ocrx_word' id='word_1_156' title='bbox 1021 2408 1098 2471; x_wconf 89' lang='lat' dir='ltr'>iis</span> <span class='ocrx_word' id='word_1_157' title='bbox 1124 2409 1426 2496; x_wconf 83' lang='lat' dir='ltr'>exemplis</span> <span class='ocrx_word' id='word_1_158' title='bbox 1462 2410 1813 2474; x_wconf 84' lang='lat' dir='ltr'>novitatem</span> <span class='ocrx_word' id='word_1_159' title='bbox 1851 2410 1949 2473; x_wconf 85' lang='lat' dir='ltr'>vel</span> <span class='ocrx_word' id='word_1_160' title='bbox 1974 2406 2467 2473; x_wconf 83' lang='lat' dir='ltr'>adfectationem</span> 
     </span>
     <span class='ocr_line' id='line_1_21' title="bbox 358 2512 2466 2605; baseline 0.002 -33"><span class='ocrx_word' id='word_1_161' title='bbox 358 2512 426 2573; x_wconf 91' lang='lat' dir='ltr'>in</span> <span class='ocrx_word' id='word_1_162' title='bbox 463 2512 752 2577; x_wconf 86' lang='lat' dir='ltr'>oratione</span> <span class='ocrx_word' id='word_1_163' title='bbox 786 2512 1148 2578; x_wconf 62' lang='lat' dir='ltr'>Maecenatis</span> <span class='ocrx_word' id='word_1_164' title='bbox 1193 2513 1519 2595; x_wconf 81' lang='lat' dir='ltr'>ostendat3</span> <span class='ocrx_word' id='word_1_165' title='bbox 1572 2538 1713 2603; x_wconf 84' lang='lat' dir='ltr'>quae</span> <span class='ocrx_word' id='word_1_166' title='bbox 1762 2515 2045 2605; x_wconf 84' lang='lat' dir='ltr'>Lipsius,</span> <span class='ocrx_word' id='word_1_167' title='bbox 2086 2536 2291 2602; x_wconf 90' lang='lat' dir='ltr'>quum</span> <span class='ocrx_word' id='word_1_168' title='bbox 2334 2536 2466 2579; x_wconf 90' lang='lat' dir='ltr'>non</span> 
     </span>
     <span class='ocr_line' id='line_1_22' title="bbox 359 2616 2468 2709; baseline 0.003 -30"><span class='ocrx_word' id='word_1_169' title='bbox 359 2616 784 2701; x_wconf 67' lang='lat' dir='ltr'>cohaererent,</span> <span class='ocrx_word' id='word_1_170' title='bbox 829 2618 1121 2683; x_wconf 85' lang='lat' dir='ltr'>distinxit</span> <span class='ocrx_word' id='word_1_171' title='bbox 1139 2668 1158 2702; x_wconf 90' lang='lat'>,</span> <span class='ocrx_word' id='word_1_172' title='bbox 1206 2636 1271 2683; x_wconf 89' lang='lat' dir='ltr'>et</span> <span class='ocrx_word' id='word_1_173' title='bbox 1309 2622 1659 2687; x_wconf 86' lang='lat' dir='ltr'>versiculos</span> <span class='ocrx_word' id='word_1_174' title='bbox 1703 2644 1841 2687; x_wconf 87' lang='lat' dir='ltr'>esse</span> <span class='ocrx_word' id='word_1_175' title='bbox 1880 2645 1956 2687; x_wconf 88' lang='lat' dir='ltr'>ex</span> <span class='ocrx_word' id='word_1_176' title='bbox 2004 2621 2297 2709; x_wconf 84' lang='lat' dir='ltr'>longiore</span> <span class='ocrx_word' id='word_1_177' title='bbox 2334 2643 2468 2685; x_wconf 89' lang='lat' dir='ltr'>uno</span> 
     </span>
     <span class='ocr_line' id='line_1_23' title="bbox 357 2723 2467 2814; baseline 0.001 -28"><span class='ocrx_word' id='word_1_178' title='bbox 357 2723 636 2787; x_wconf 70' lang='lat' dir='ltr'>carmine</span> <span class='ocrx_word' id='word_1_179' title='bbox 659 2723 996 2813; x_wconf 86' lang='lat' dir='ltr'>decerptos</span> <span class='ocrx_word' id='word_1_180' title='bbox 1010 2726 1276 2814; x_wconf 80' lang='lat' dir='ltr'>putavit.</span> <span class='ocrx_word' id='word_1_181' title='bbox 1295 2726 1586 2792; x_wconf 87' lang='lat' dir='ltr'>Andreas</span> <span class='ocrx_word' id='word_1_182' title='bbox 1608 2728 1877 2790; x_wconf 83' lang='lat' dir='ltr'>Rivinus</span> <span class='ocrx_word' id='word_1_183' title='bbox 1900 2728 1965 2789; x_wconf 90' lang='lat' dir='ltr'>in</span> <span class='ocrx_word' id='word_1_184' title='bbox 1994 2726 2246 2813; x_wconf 89' lang='lat' dir='ltr'>Disput.</span> <span class='ocrx_word' id='word_1_185' title='bbox 2274 2726 2467 2789; x_wconf 89' lang='lat' dir='ltr'>altera</span> 
     </span>
     <span class='ocr_line' id='line_1_24' title="bbox 357 2830 2465 2919; baseline 0.002 -26"><span class='ocrx_word' id='word_1_186' title='bbox 357 2830 438 2893; x_wconf 70' lang='lat' dir='ltr'>de</span> <span class='ocrx_word' id='word_1_187' title='bbox 476 2830 854 2913; x_wconf 62' lang='grc' dir='ltr'><strong><em>Μαι-επακ,</em></strong></span> <span class='ocrx_word' id='word_1_188' title='bbox 904 2848 976 2897; x_wconf 80' lang='lat' dir='ltr'>ut</span> <span class='ocrx_word' id='word_1_189' title='bbox 1011 2833 1171 2896; x_wconf 85' lang='lat' dir='ltr'>bono</span> <span class='ocrx_word' id='word_1_190' title='bbox 1201 2834 1327 2897; x_wconf 78' lang='lat' dir='ltr'>cive</span> <span class='ocrx_word' id='word_1_191' title='bbox 1348 2880 1366 2910; x_wconf 89' lang='lat'>,</span> <span class='ocrx_word' id='word_1_192' title='bbox 1395 2844 1428 2909; x_wconf 75' lang='lat'>5</span> <span class='ocrx_word' id='word_1_193' title='bbox 1467 2833 1579 2914; x_wconf 87' lang='lat'>15,</span> <span class='ocrx_word' id='word_1_194' title='bbox 1614 2830 1893 2897; x_wconf 86' lang='lat' dir='ltr'>adsentit</span> <span class='ocrx_word' id='word_1_195' title='bbox 1926 2832 2174 2919; x_wconf 89' lang='lat' dir='ltr'>Lipsio,</span> <span class='ocrx_word' id='word_1_196' title='bbox 2208 2854 2465 2897; x_wconf 90' lang='lat' dir='ltr'>carmen</span> 
     </span>
     <span class='ocr_line' id='line_1_25' title="bbox 359 2936 2467 3026; baseline 0.001 -28"><span class='ocrx_word' id='word_1_197' title='bbox 359 2936 553 3000; x_wconf 87' lang='lat' dir='ltr'>fuisse</span> <span class='ocrx_word' id='word_1_198' title='bbox 583 2936 950 3002; x_wconf 85' lang='lat' dir='ltr'>Maecenatis</span> <span class='ocrx_word' id='word_1_199' title='bbox 983 2936 1231 3002; x_wconf 81' lang='lat' dir='ltr'>Cultum</span> <span class='ocrx_word' id='word_1_200' title='bbox 1253 2986 1270 3019; x_wconf 92' lang='lat'>,</span> <span class='ocrx_word' id='word_1_201' title='bbox 1311 2952 1376 3001; x_wconf 89' lang='lat' dir='ltr'>et</span> <span class='ocrx_word' id='word_1_202' title='bbox 1406 2954 1709 3026; x_wconf 82' lang='lat' dir='ltr'>praeterea</span> <span class='ocrx_word' id='word_1_203' title='bbox 1740 2936 2087 3026; x_wconf 88' lang='lat' dir='ltr'>persuadet</span> <span class='ocrx_word' id='word_1_204' title='bbox 2115 2937 2271 3017; x_wconf 88' lang='lat' dir='ltr'>sibi,</span> <span class='ocrx_word' id='word_1_205' title='bbox 2308 2938 2467 3000; x_wconf 91' lang='lat' dir='ltr'>titu-</span> 
     </span>
     <span class='ocr_line' id='line_1_26' title="bbox 361 3040 2467 3130; baseline 0.001 -27"><span class='ocrx_word' id='word_1_206' title='bbox 361 3040 493 3103; x_wconf 88' lang='lat' dir='ltr'>lum</span> <span class='ocrx_word' id='word_1_207' title='bbox 525 3063 673 3105; x_wconf 88' lang='lat' dir='ltr'>eum</span> <span class='ocrx_word' id='word_1_208' title='bbox 724 3064 856 3105; x_wconf 89' lang='lat' dir='ltr'>non</span> <span class='ocrx_word' id='word_1_209' title='bbox 909 3042 1104 3105; x_wconf 86' lang='lat' dir='ltr'>alium</span> <span class='ocrx_word' id='word_1_210' title='bbox 1153 3041 1402 3106; x_wconf 89' lang='lat' dir='ltr'>cultum</span> <span class='ocrx_word' id='word_1_211' title='bbox 1435 3042 1783 3125; x_wconf 87' lang='lat' dir='ltr'>notavisse,</span> <span class='ocrx_word' id='word_1_212' title='bbox 1830 3064 2023 3130; x_wconf 87' lang='lat' dir='ltr'>quam</span> <span class='ocrx_word' id='word_1_213' title='bbox 2070 3040 2467 3123; x_wconf 84' lang='lat' dir='ltr'>Hortorum,</span> 
     </span>
     <span class='ocr_line' id='line_1_27' title="bbox 360 3146 2469 3238; baseline 0.002 -29"><span class='ocrx_word' id='word_1_214' title='bbox 360 3168 522 3232; x_wconf 86' lang='lat' dir='ltr'>quos</span> <span class='ocrx_word' id='word_1_215' title='bbox 569 3146 881 3211; x_wconf 86' lang='lat' dir='ltr'>Maecenas</span> <span class='ocrx_word' id='word_1_216' title='bbox 923 3149 990 3210; x_wconf 90' lang='lat' dir='ltr'>in</span> <span class='ocrx_word' id='word_1_217' title='bbox 1027 3147 1338 3236; x_wconf 87' lang='lat' dir='ltr'>Exquiliis</span> <span class='ocrx_word' id='word_1_218' title='bbox 1375 3148 1725 3213; x_wconf 90' lang='lat' dir='ltr'>instituerit</span> <span class='ocrx_word' id='word_1_219' title='bbox 1743 3197 1761 3229; x_wconf 92' lang='lat'>,</span> <span class='ocrx_word' id='word_1_220' title='bbox 1796 3164 2137 3238; x_wconf 84' lang='lat' dir='ltr'>repurgata</span> <span class='ocrx_word' id='word_1_221' title='bbox 2180 3170 2217 3211; x_wconf 90' lang='lat' dir='ltr'>a</span> <span class='ocrx_word' id='word_1_222' title='bbox 2250 3148 2469 3213; x_wconf 81' lang='lat' dir='ltr'>multis</span> 
     </span>
     <span class='ocr_line' id='line_1_28' title="bbox 357 3250 2471 3343; baseline 0.003 -30"><span class='ocrx_word' id='word_1_223' title='bbox 357 3250 654 3315; x_wconf 87' lang='lat' dir='ltr'>sordibus</span> <span class='ocrx_word' id='word_1_224' title='bbox 687 3275 760 3315; x_wconf 90' lang='lat' dir='ltr'>ea</span> <span class='ocrx_word' id='word_1_225' title='bbox 783 3253 1077 3341; x_wconf 83' lang='lat' dir='ltr'>regione,</span> <span class='ocrx_word' id='word_1_226' title='bbox 1111 3276 1256 3340; x_wconf 80' lang='lat' dir='ltr'>quae</span> <span class='ocrx_word' id='word_1_227' title='bbox 1283 3268 1468 3317; x_wconf 87' lang='lat' dir='ltr'>antea</span> <span class='ocrx_word' id='word_1_228' title='bbox 1500 3254 1805 3343; x_wconf 88' lang='lat' dir='ltr'>sepulcris</span> <span class='ocrx_word' id='word_1_229' title='bbox 1838 3275 2169 3317; x_wconf 86' lang='lat' dir='ltr'>servorum</span> <span class='ocrx_word' id='word_1_230' title='bbox 2189 3269 2253 3318; x_wconf 90' lang='lat' dir='ltr'>et</span> <span class='ocrx_word' id='word_1_231' title='bbox 2282 3256 2471 3319; x_wconf 89' lang='lat' dir='ltr'>mise-</span> 
     </span>
     <span class='ocr_line' id='line_1_29' title="bbox 357 3356 2463 3447; baseline 0.003 -29"><span class='ocrx_word' id='word_1_232' title='bbox 357 3378 578 3419; x_wconf 90' lang='lat' dir='ltr'>rorum</span> <span class='ocrx_word' id='word_1_233' title='bbox 605 3356 916 3421; x_wconf 85' lang='lat' dir='ltr'>destinata</span> <span class='ocrx_word' id='word_1_234' title='bbox 947 3360 1155 3422; x_wconf 81' lang='lat' dir='ltr'>fuerat</span> <span class='ocrx_word' id='word_1_235' title='bbox 1177 3407 1196 3439; x_wconf 94' lang='lat'>,</span> <span class='ocrx_word' id='word_1_236' title='bbox 1228 3374 1302 3422; x_wconf 91' lang='lat' dir='ltr'>ut</span> <span class='ocrx_word' id='word_1_237' title='bbox 1325 3358 1631 3446; x_wconf 83' lang='lat' dir='ltr'>praedicat</span> <span class='ocrx_word' id='word_1_238' title='bbox 1661 3360 1999 3441; x_wconf 75' lang='lat' dir='ltr'>HoratiuS,</span> <span class='ocrx_word' id='word_1_239' title='bbox 2032 3360 2234 3425; x_wconf 88' lang='lat' dir='ltr'>Serm.</span> <span class='ocrx_word' id='word_1_240' title='bbox 2259 3362 2311 3441; x_wconf 93' lang='lat'>1,</span> <span class='ocrx_word' id='word_1_241' title='bbox 2343 3362 2405 3442; x_wconf 90' lang='lat'>8,</span> <span class='ocrx_word' id='word_1_242' title='bbox 2428 3384 2463 3447; x_wconf 88' lang='lat'><em>7</em></span> 
     </span>
     <span class='ocr_line' id='line_1_30' title="bbox 357 3462 2470 3553; baseline 0.003 -29"><span class='ocrx_word' id='word_1_243' title='bbox 357 3484 532 3549; x_wconf 85' lang='lat' dir='ltr'>seqq.</span> <span class='ocrx_word' id='word_1_244' title='bbox 585 3464 822 3527; x_wconf 88' lang='lat' dir='ltr'>Hortos</span> <span class='ocrx_word' id='word_1_245' title='bbox 858 3486 970 3527; x_wconf 90' lang='lat' dir='ltr'>eos</span> <span class='ocrx_word' id='word_1_246' title='bbox 1001 3486 1134 3528; x_wconf 91' lang='lat' dir='ltr'>non</span> <span class='ocrx_word' id='word_1_247' title='bbox 1183 3464 1380 3529; x_wconf 90' lang='lat' dir='ltr'>modo</span> <span class='ocrx_word' id='word_1_248' title='bbox 1411 3465 1753 3529; x_wconf 89' lang='lat' dir='ltr'>arboribus</span> <span class='ocrx_word' id='word_1_249' title='bbox 1789 3462 2217 3553; x_wconf 90' lang='lat' dir='ltr'>floribusque,</span> <span class='ocrx_word' id='word_1_250' title='bbox 2256 3464 2369 3529; x_wconf 88' lang='lat' dir='ltr'>sed</span> <span class='ocrx_word' id='word_1_251' title='bbox 2405 3483 2470 3531; x_wconf 88' lang='lat' dir='ltr'>et</span> 
     </span>
     <span class='ocr_line' id='line_1_31' title="bbox 358 3566 2469 3659; baseline 0.002 -29"><span class='ocrx_word' id='word_1_252' title='bbox 358 3566 670 3649; x_wconf 75' lang='lat' dir='ltr'>aedificiis,</span> <span class='ocrx_word' id='word_1_253' title='bbox 713 3569 1062 3655; x_wconf 80' lang='lat' dir='ltr'>proesertim</span> <span class='ocrx_word' id='word_1_254' title='bbox 1109 3570 1270 3633; x_wconf 89' lang='lat' dir='ltr'>turri</span> <span class='ocrx_word' id='word_1_255' title='bbox 1315 3570 1651 3645; x_wconf 84' lang='lat' dir='ltr'>altissima,</span> <span class='ocrx_word' id='word_1_256' title='bbox 1688 3570 1928 3635; x_wconf 83' lang='lat' dir='ltr'>effosso</span> <span class='ocrx_word' id='word_1_257' title='bbox 1964 3573 2033 3634; x_wconf 88' lang='lat' dir='ltr'>in</span> <span class='ocrx_word' id='word_1_258' title='bbox 2067 3570 2469 3659; x_wconf 80' lang='lat' dir='ltr'>profundum</span> 
     </span>
     <span class='ocr_line' id='line_1_32' title="bbox 358 3672 2471 3757; baseline 0.002 -22"><span class='ocrx_word' id='word_1_259' title='bbox 358 3672 536 3737; x_wconf 84' lang='lat' dir='ltr'>alveo</span> <span class='ocrx_word' id='word_1_260' title='bbox 563 3688 629 3737; x_wconf 85' lang='lat' dir='ltr'>et</span> <span class='ocrx_word' id='word_1_261' title='bbox 672 3672 872 3737; x_wconf 88' lang='lat' dir='ltr'>ducto</span> <span class='ocrx_word' id='word_1_262' title='bbox 902 3696 1091 3737; x_wconf 88' lang='lat' dir='ltr'>amne</span> <span class='ocrx_word' id='word_1_263' title='bbox 1121 3698 1158 3739; x_wconf 88' lang='lat' dir='ltr'>a</span> <span class='ocrx_word' id='word_1_264' title='bbox 1193 3697 1262 3739; x_wconf 88' lang='lat' dir='ltr'>se</span> <span class='ocrx_word' id='word_1_265' title='bbox 1293 3675 1613 3757; x_wconf 85' lang='lat' dir='ltr'>excultos,</span> <span class='ocrx_word' id='word_1_266' title='bbox 1652 3693 1717 3740; x_wconf 89' lang='lat' dir='ltr'>et</span> <span class='ocrx_word' id='word_1_267' title='bbox 1762 3675 1845 3740; x_wconf 90' lang='lat' dir='ltr'>ad</span> <span class='ocrx_word' id='word_1_268' title='bbox 1896 3698 2157 3741; x_wconf 86' lang='lat' dir='ltr'>omnem</span> <span class='ocrx_word' id='word_1_269' title='bbox 2206 3677 2379 3741; x_wconf 82' lang='lat' dir='ltr'>visus</span> <span class='ocrx_word' id='word_1_270' title='bbox 2404 3694 2471 3741; x_wconf 90' lang='lat' dir='ltr'>et</span> 
     </span>
     <span class='ocr_line' id='line_1_33' title="bbox 358 3778 2466 3869; baseline 0.003 -28"><span class='ocrx_word' id='word_1_271' title='bbox 358 3794 732 3867; x_wconf 85' lang='lat' dir='ltr'>prospectus</span> <span class='ocrx_word' id='word_1_272' title='bbox 758 3827 777 3861; x_wconf 90' lang='lat'>,</span> <span class='ocrx_word' id='word_1_273' title='bbox 828 3778 1234 3865; x_wconf 89' lang='lat' dir='ltr'>aliorumque</span> <span class='ocrx_word' id='word_1_274' title='bbox 1284 3802 1593 3845; x_wconf 90' lang='lat' dir='ltr'>sensuum</span> <span class='ocrx_word' id='word_1_275' title='bbox 1646 3780 2041 3869; x_wconf 82' lang='lat' dir='ltr'>voluptatem</span> <span class='ocrx_word' id='word_1_276' title='bbox 2090 3798 2431 3847; x_wconf 84' lang='lat' dir='ltr'>exornatos</span> <span class='ocrx_word' id='word_1_277' title='bbox 2450 3830 2466 3862; x_wconf 93' lang='lat'>,</span> 
     </span>
     <span class='ocr_line' id='line_1_34' title="bbox 357 3884 2470 3975; baseline 0.001 -27"><span class='ocrx_word' id='word_1_278' title='bbox 357 3885 626 3949; x_wconf 80' lang='lat' dir='ltr'>Rivinus</span> <span class='ocrx_word' id='word_1_279' title='bbox 661 3884 1006 3966; x_wconf 87' lang='lat' dir='ltr'>existimat,</span> <span class='ocrx_word' id='word_1_280' title='bbox 1052 3885 1464 3949; x_wconf 81' lang='lat' dir='ltr'>Moecenatem</span> <span class='ocrx_word' id='word_1_281' title='bbox 1519 3888 1585 3950; x_wconf 90' lang='lat' dir='ltr'>in</span> <span class='ocrx_word' id='word_1_282' title='bbox 1638 3885 1825 3951; x_wconf 83' lang='lat' dir='ltr'>Cultu</span> <span class='ocrx_word' id='word_1_283' title='bbox 1863 3910 1975 3951; x_wconf 83' lang='lat' dir='ltr'>suo</span> <span class='ocrx_word' id='word_1_284' title='bbox 2028 3886 2434 3975; x_wconf 84' lang='lat' dir='ltr'>descripsisse</span> <span class='ocrx_word' id='word_1_285' title='bbox 2454 3936 2470 3968; x_wconf 94' lang='lat'>,</span> 
     </span>
     <span class='ocr_line' id='line_1_35' title="bbox 359 3989 2471 4081; baseline 0.001 -28"><span class='ocrx_word' id='word_1_286' title='bbox 359 3991 622 4078; x_wconf 83' lang='lat' dir='ltr'>ejusque</span> <span class='ocrx_word' id='word_1_287' title='bbox 641 3989 1089 4079; x_wconf 86' lang='lat' dir='ltr'>descriptionis</span> <span class='ocrx_word' id='word_1_288' title='bbox 1115 3990 1374 4080; x_wconf 85' lang='lat' dir='ltr'>vestigia</span> <span class='ocrx_word' id='word_1_289' title='bbox 1395 3992 1464 4054; x_wconf 87' lang='lat' dir='ltr'>in</span> <span class='ocrx_word' id='word_1_290' title='bbox 1484 3992 1635 4081; x_wconf 86' lang='lat' dir='ltr'>ipsis</span> <span class='ocrx_word' id='word_1_291' title='bbox 1658 3992 1985 4057; x_wconf 82' lang='lat' dir='ltr'>versiculis</span> <span class='ocrx_word' id='word_1_292' title='bbox 2008 4016 2045 4057; x_wconf 92' lang='lat' dir='ltr'>a</span> <span class='ocrx_word' id='word_1_293' title='bbox 2062 3994 2301 4057; x_wconf 87' lang='lat' dir='ltr'>Seneca</span> <span class='ocrx_word' id='word_1_294' title='bbox 2326 4016 2471 4079; x_wconf 88' lang='lat' dir='ltr'>pro·</span> 
     </span>
     <span class='ocr_line' id='line_1_36' title="bbox 361 4094 2469 4184; baseline 0 -22"><span class='ocrx_word' id='word_1_295' title='bbox 361 4094 606 4175; x_wconf 85' lang='lat' dir='ltr'>ductis,</span> <span class='ocrx_word' id='word_1_296' title='bbox 646 4094 758 4159; x_wconf 89' lang='lat' dir='ltr'>sed</span> <span class='ocrx_word' id='word_1_297' title='bbox 794 4097 1076 4181; x_wconf 85' lang='lat' dir='ltr'>paullum</span> <span class='ocrx_word' id='word_1_298' title='bbox 1125 4120 1160 4159; x_wconf 88' lang='lat' dir='ltr'>a</span> <span class='ocrx_word' id='word_1_299' title='bbox 1209 4120 1276 4161; x_wconf 89' lang='lat' dir='ltr'>se</span> <span class='ocrx_word' id='word_1_300' title='bbox 1326 4098 1621 4177; x_wconf 87' lang='lat' dir='ltr'>mutatis,</span> <span class='ocrx_word' id='word_1_301' title='bbox 1652 4098 1907 4184; x_wconf 86' lang='lat' dir='ltr'>reperit.</span> <span class='ocrx_word' id='word_1_302' title='bbox 1951 4098 2217 4163; x_wconf 79' lang='lat' dir='ltr'>Certum</span> <span class='ocrx_word' id='word_1_303' title='bbox 2258 4096 2469 4163; x_wconf 84' lang='lat' dir='ltr'>eidem</span> 
     </span>
    </p>
   </div>
  </div>
 </body>
</html>
