2964 4690
713 327 817 396 IN
864 325 1437 396 CENTONEM
1482 324 2103 396 NUPTIALEM.
2325 325 2463 424 509

344 465 619 553 septem
655 454 1054 553 semipedes
1072 455 1177 552 (1)
1214 479 1381 527 cum
1412 458 1840 554 anapaestico
1867 457 2162 529 chorico
2175 455 2280 554 (α)
2297 509 2318 545 ,
2336 474 2462 530 aut

343 595 510 680 post
557 579 916 678 dactylum
964 596 1184 680 atque
1220 579 1654 680 semipedem
1679 579 1820 678 (3),
1852 581 2210 680 quidquid
2250 589 2470 655 rest‘at

345 701 766 775 hexametro
786 701 911 800 (4).
966 703 1208 774 Simile
1250 717 1333 774 ut
1387 702 1579 774 dicas
1619 703 1896 775 ludicro
1917 759 1938 792 ‚
1990 704 2190 803 quod
2241 709 2470 778 Graeci

347 843 623 916 ὀςοματίων
661 825 765 922 (5)
797 850 1159 898 vocavere.
1224 825 1494 898 Ossicla
1539 849 1620 896 ea
1671 843 1844 898 sunt
1894 855 1910 896 ε
1973 826 2067 899 ad
2114 853 2468 902 summam

348 947 893 1046 quatuordecim
950 947 1213 1048 figuras
1276 950 1738 1048 geometricas
1797 949 2069 1022 habent
2101 951 2227 1048 (6).
2287 957 2472 1025 Sunt

348 1072 541 1142 enim
569 1071 977 1170 aequilatera
998 1127 1018 1160 ‚
1044 1071 1160 1144 vel
1189 1073 1538 1170 niquetra
1564 1071 1670 1168 (7)
1701 1074 2050 1146 :extentis
2079 1075 2286 1148 lineis
2307 1067 2469 1162 ,aut

347 1199 561 1267 rectis
592 1196 903 1294 angulis,
938 1197 1053 1268 vel
1092 1196 1453 1296 obliquis:
1507 1197 1803 1272 isoscele
1827 1253 1846 1288 ‚
1903 1198 2016 1270 vel
2065 1199 2464 1298 isopleura:

348 1319 778 1417 orthogonia
835 1345 1132 1418 quoque
1154 1375 1177 1410 ‚
1234 1320 1347 1392 vel
1404 1320 1704 1392 scalena.
1759 1326 2032 1392 Harum
2085 1319 2471 1396 ‘vertibula-

419 1514 499 1583 (1)
531 1517 635 1567 Aut
658 1527 832 1580 septem
859 1517 1141 1582 semipedes.
1168 1507 1370 1586 Ὲφθπμι·

350 1594 493 1664 pepig-
540 1592 623 1644 vel
670 1592 971 1664 ἱφθημιμιρὶς
1024 1593 1220 1648 dicitur
1265 1607 1370 1648 tres

348 1671 509 1744 pedes
548 1691 669 1725 eum
710 1671 932 1726 dimidio
968 1673 1276 1736 continens,
1312 1684 1371 1726 ut

348 1751 405 1804 in
416 1751 521 1804 hoc
536 1752 769 1824 ejusdem
779 1753 1028 1807 Centouis
1039 1771 1052 1807 ε
1068 1752 1370 1826 -Auspici-is

350 1831 643 1885 mani-festa
666 1831 821 1886 fl·des
835 1859 877 1884 a.

425 1913 501 1979 (2)
538 1915 651 1963 Cum
678 1915 982 1980 anapaestico
1008 1916 1218 1966 chorico.
1238 1913 1372 1967 Puta

356 1989 411 2043 in
456 1989 641 2044 eodem
686 2009 878 2044 versu:
936 2017 963 2038 κ
989 1992 1111 2057 Quo
1153 1992 1373 2063 jus-tior

353 2068 513 2122 ahter
535 2093 579 2121 ι.
634 2069 947 2142 Cujnsmodi
1002 2071 1371 2142 anupaesticum

354 2146 627 2200 eboricum
660 2147 787 2216 (hoc
808 2160 912 2216 est,
936 2149 991 2203 in
1013 2149 1189 2202 choris
1211 2150 1373 2202 usita-

355 2229 511 2296 tum)
576 2240 967 2282 monometrum
1019 2229 1372 2302 hypercatale-

354 2317 499 2359 ctum
526 2318 683 2361 vocnt
700 2307 932 2361 Servius.

425 2386 503 2455 (3)
538 2392 641 2438 Aut
662 2400 776 2455 post
793 2392 1039 2453 dac-{rhem
1059 2402 1205 2455 aeque
1226 2392 1371 2441 semi—

348 2470 542 2534 pedem.
556 2466 704 2518 Utin
722 2466 824 2519 hoc
841 2466 1075 2538 ejusdem
1094 2468 1372 2522 Centenis:

358 2568 381 2591 ι
402 2545 593 2618 Tuque
608 2546 781 2617 pri-or
799 2570 844 2599 a.

429 2624 515 2691 (4)
565 2628 817 2692 Quidquid
866 2639 1020 2677 rescat
1071 2629 1373 2677 hexametro.

358 2704 490 2756 Puta
526 2722 541 2757 :
607 2730 633 2749 α
660 2704 876 2757 Nam-te
933 2704 1247 2777 mn-joribus
1297 2705 1375 2759 ire

359 2782 649 2855 per-altum
670 2808 712 2834 ι.

430 2862 509 2933 (5)
556 2861 685 2914 vid.
738 2862 1003 2917 Excursus
1050 2861 1118 2916 ad
1176 2864 1375 2917 calcem

360 2940 523 3013 hujus
555 2941 835 3012 poematii,
865 2960 984 3013 pag.
1007 2942 1125 2995 526.
1147 2942 1251 2994 En.

432 3021 508 3089 (6)
547 3022 921 3087 Quamordeeim
938 3023 1161 3089 figuras.
1186 3024 1381 3088 Quam·

364 3116 520 3169 quam
566 3115 674 3151 non
708 3098 1109 3170 quatuordecim
1149 3099 1383 3154 diversas

364 3178 561 3251 figuras
596 3196 721 3230 mox
761 3191 1058 3246 enumeret,
1098 3191 1157 3232 ut
1207 3193 1384 3234 tamen

366 3256 502 3309 nihil
540 3256 592 3308 in
620 3256 727 3310 hoc
762 3275 984 3311 numero
1010 3271 1271 3313 mutatum
1295 3279 1383 3314 ve·

368 3336 460 3389 lim
482 3377 498 3404 ,
529 3337 653 3389 facit
702 3338 848 3390 locus
881 3338 1264 3393 Fortunatiani.
1315 3340 1383 3393 Et

370 3428 509 3469 certe
606 3416 1005 3487 triangularium
1092 3420 1383 3471 formarum

370 3507 570 3567 septem
648 3496 869 3548 omnino
947 3497 1107 3550 vario
1184 3498 1385 3570 species

368 3573 501 3645 fingi
534 3585 779 3643 possunt:
815 3576 1238 3647 aequilateromm
1274 3578 1387 3649 qui-

372 3651 495 3706 dem
530 3664 739 3706 tantum
779 3654 965 3723 unica,
996 3674 1163 3727 eaque
1195 3674 1389 3727 oxygo-

370 3732 490 3798 πίας
531 3752 686 3786 crure
733 3735 887 3806 pari,
916 3752 1037 3805 quo
1080 3735 1251 3789 Graeei
1295 3736 1388 3787 ἰσο-

372 3818 517 3864 ozai
560 3824 778 3871 vocant,
820 3825 923 3866 tres
942 3854 957 3880 ,
992 3814 1251 3887 oxygonio
1294 3831 1387 3866 seu

372 3890 537 3944 acutis
552 3891 800 3944 omnibus
819 3893 1039 3963 angulis,
1060 3892 1391 3965 orthogonia,

1456 1531 1592 1566 sum.
1617 1512 1885 1576 Similiter,
1917 1525 1967 1567 et
1991 1515 2315 1568 scalenorum
2335 1555 2352 1582 ,
2377 1535 2471 1570 seu

1455 1592 1703 1646 lateribus
1728 1593 1979 1646 >omnibus
2005 1593 2351 1666 inaequalibus
2377 1597 2473 1649 tri-

1456 1672 1772 1742 angulorum
1808 1680 1914 1725 tres
1942 1690 2155 1744 quoque
2181 1692 2280 1745 pro
2305 1693 2475 1746 angu-

1454 1751 1630 1804 lorum
1653 1753 1852 1805 ratione
1880 1751 2075 1820 species
2093 1770 2206 1804 esse
2221 1767 2443 1822 possunt
2456 1792 2475 1817 ‚

1457 1832 1743 1902 oxygoniu,
1771 1832 2082 1902 orthogonia
2097 1871 2114 1898 ,
2140 1843 2192 1884 et
2213 1832 2478 1904 amblygo-

1456 1911 1564 1963 nia.
1607 1909 1770 1976 Quod
1803 1911 1850 1963 si
1882 1910 2016 1963 binae
2055 1911 2476 1982 uniuscujusque

1457 1989 1649 2062 speciei
1675 1989 1893 2042 lamella
1919 1989 1974 2041 in
2003 2007 2066 2042 eo
2097 1988 2274 2042 loculo
2294 1989 2477 2042 Archi·

1458 2067 1664 2121 medico
1683 2105 1698 2131 ,
1765 2085 1858 2120 seu
1923 2066 2176 2139 quadrata
2231 2069 2443 2140 capsula
2461 2108 2479 2134 ,

1460 2147 1624 2201 fuisse
1656 2147 2053 2217 intelligantur,
2091 2145 2182 2198 fiet
2223 2163 2478 2201 numerus

1458 2224 1896 2298 quatuordecim,
1927 2242 2087 2297 quem
2123 2224 2387 2279 Ausonius
2426 2237 2480 2278 et

1457 2305 1866 2359 Fortunatisnus
1894 2303 2105 2357 habent.
2129 2303 2315 2371 Mitto,
2335 2303 2480 2377 quod

1458 2397 1659 2456 septem
1717 2383 2084 2454 prodictu-um
2155 2401 2498 2457 unaqueque·

1462 2464 1663 2536 species
1677 2463 1872 2517 variari
1893 2462 2072 2514 multis
2093 2461 2264 2515 modis
2289 2475 2482 2535 potest,

1461 2553 1620 2615 prout
1657 2540 1823 2613 magis
1862 2540 1946 2594 vel
1983 2540 2162 2593 minus
2197 2542 2364 2608 acuti,
2388 2556 2482 2595 aut

1461 2621 1636 2674 obtusi
1665 2626 1848 2673 earum
1871 2620 2054 2691 anguli
2073 2621 2232 2682 fient,
2254 2633 2304 2672 et
2329 2620 2478 2691 quod

1460 2702 1574 2755 aliae
1593 2718 1808 2773 quoque
1828 2717 1988 2770 quam
2009 2698 2356 2770 triangulares
2380 2700 2486 2752 for-

1462 2799 1562 2833 mae
1586 2781 1746 2833 fuisse
1771 2778 1988 2848 intelligi
2011 2788 2251 2848 possunt.
2281 2778 2486 2844 Quidni

1462 2860 1603 2915 enim
1635 2878 1734 2932 per
1763 2856 1880 2909 haec
1915 2857 2075 2909 verba
2110 2857 2330 2909 Ausonii
2353 2875 2481 2909 «ex-

1461 2941 1618 2994 tentis
1642 2936 1822 3002 lineis,
1849 2947 1940 2987 aut
1962 2934 2117 2987 rectis
2145 2937 2373 3007 angulis,
2402 2938 2484 2989 vel

1467 3018 1702 3090 obliquis
1729 3042 1784 3083 a,
1821 3013 2171 3085 intelligamus
2207 3013 2486 3085 parallelo-

1470 3114 1766 3169 grammum
1786 3131 1802 3156 ,
1830 3091 2193 3163 rectangulum
2213 3129 2228 3155 ,
2264 3104 2318 3146 et
2358 3094 2488 3147 obli-

1470 3172 1831 3248 quangulum?

1539 3258 1617 3326 (7)
1658 3261 1780 3305 Seme
1813 3254 1943 3305 enim
1978 3254 2285 3318 aequilatera.
2326 3253 2487 3307 Nullo

1470 3334 1658 3387 ordine
1681 3334 1797 3386 hoc
1825 3332 1892 3384 ab
1919 3330 2152 3382 Ausonio
2179 3348 2495 3386 enumeran-

1470 3426 1573 3466 tur.
1593 3413 1668 3465 Ut
1685 3411 1877 3484 aliquis
1901 3409 1953 3461 in
1977 3409 2043 3461 iis
2063 3408 2196 3462 ordo
2214 3423 2492 3479 statuatur,

1472 3489 1866 3545 observandum
1913 3487 2173 3559 triangula
2212 3488 2378 3543 dividi
2406 3494 2491 3545 vel

1472 3572 1674 3625 ratione
1707 3570 1955 3633 laterum,
1980 3584 2073 3620 seu
2092 3567 2348 3621 linearum
2374 3572 2492 3641 qui-

1474 3652 1576 3704 bus
1613 3644 2137 3722 comprehenduntur
2175 3645 2262 3714 (de
2301 3649 2494 3701 rectili-

1472 3732 1588 3784 neis
1613 3739 1664 3783 et
1687 3726 1858 3800 planis
1887 3724 2164 3797 triangulis
2195 3723 2492 3797 loquimur,

1476 3829 1586 3864 non
1609 3808 1676 3861 de
1697 3805 2024 3869 curvilineis‚
2042 3824 2214 3878 neque
2228 3805 2296 3858 de
2317 3807 2488 3877 sphae-

1476 3890 1622 3958 ricis)
1635 3927 1651 3954 ,
1677 3887 1762 3941 vel
1777 3886 1985 3939 ratione
1995 3886 2307 3957 angulorum
2320 3923 2337 3950 ,
2357 3905 2493 3957 quos

371 3982 578 4023 rectum
605 3988 769 4023 unum
798 3972 1047 4043 angulum
1076 3971 1273 4025 habens
1292 4010 1308 4035 ,
1341 3981 1393 4024 et
1480 3970 1632 4023 lineae
1655 3968 1790 4033 ista,
1810 3983 1903 4018 seu
1921 3964 2081 4019 latera
2109 3982 2365 4017 concursu
2395 3984 2493 4020 suo

374 4047 709 4121 amblygonii·
732 4068 849 4120 qun
871 4050 1029 4104 habet
1052 4070 1217 4105 unum
1242 4052 1395 4105 obtu-

1481 4049 1703 4103 saeiunt.
1740 4044 1962 4098 Ratione
1994 4040 2208 4114 quidem
2243 4043 2463 4099 laterum
2477 4086 2496 4112 ‚
