2964 4690
637 425 952 494 FALSO
1003 423 1409 493 ELEGIIS
1459 425 2039 494 INSCRIPTO.
2269 433 2393 525 147

276 552 560 620 Graeoem
601 551 950 640 quamdam
985 552 1260 640 puellam
1301 549 1688 633 adamasset,
1730 575 1849 616 nec
1880 573 2146 642 propter
2187 557 2402 647 ingra-

273 673 634 722 vescentem
677 657 809 738 jam
854 671 1108 721 aetatem
1151 657 1288 738 ejus
1333 655 1584 719 libidini
1631 658 1990 722 satisfacere
2041 663 2398 748 potuisset,

273 765 532 830 materia
556 765 708 830 satis
732 779 1102 854 opportune
1127 763 1340 828 oblata
1365 778 1493 840 est,
1524 779 1600 826 ut
1619 765 1969 829 senectutis
1990 767 2399 832 incommoda

272 869 642 934 describens
662 918 683 951 ,
719 870 1034 950 juveniles
1083 889 1237 932 suos
1281 889 1533 932 amores
1578 887 1939 932 recenseret
1959 920 1978 952 ,
2027 892 2225 959 seque
2266 877 2399 938 suis

270 975 662 1040 oerminibus
695 975 904 1040 multo
923 975 1152 1039 melius
1171 1023 1190 1056 ,
1225 995 1422 1062 quam
1455 974 1523 1036 in
1546 995 1819 1038 nummo
1854 976 2273 1065 spectandum
2307 982 2397 1042 ef·-

271 1077 560 1170 fingeret.
607 1079 776 1145 Nam
820 1079 1002 1168 quod
1055 1079 1251 1144 fuerit
1293 1081 1640 1163 Etruscus,
1678 1080 1859 1167 quod
1911 1099 2168 1164 orator,
2219 1085 2397 1172 quod

269 1201 494 1272 poeta,
533 1184 717 1273 quod
767 1186 960 1250 etiam
1002 1185 1372 1248 vinolentus
1394 1233 1412 1266 ‚
1463 1183 1645 1272 quod
1691 1185 2008 1274 Lycorida
2050 1187 2361 1254 adamarit
2381 1241 2399 1272 ,
2438 1255 2447 1264 ,

269 1289 446 1378 quod
478 1291 758 1383 Legatus
790 1290 1079 1380 AEgypto
1115 1291 1476 1378 praefiierit,
1515 1290 1671 1355 hinc
1715 1293 2233 1358 manifestissime
2265 1297 2400 1360 col-

269 1395 507 1485 ligitur.
573 1398 740 1479 Quae
794 1397 848 1460 si
904 1396 1050 1483 quis
1110 1394 1451 1484 diligenter
1508 1396 1971 1461 animadvertat
1990 1448 2007 1481 ‚
2059 1400 2365 1464 fatebitur
2385 1451 2403 1484 ,

267 1501 448 1567 hunc
478 1501 772 1568 libellum
821 1501 1109 1566 Cornelii
1149 1501 1356 1583 Galli,
1397 1525 1533 1566 non
1584 1503 1843 1567 alterius
1884 1505 2114 1586 fuisse,
2152 1523 2227 1570 ut
2260 1508 2405 1594 qui-

269 1608 415 1674 dam
447 1628 686 1698 parum
713 1609 1074 1698 prudenter
1101 1610 1548 1673 existimarunt
1570 1637 1613 1673 ιι.
1646 1607 1958 1674 Videmus
1985 1612 2237 1700 singula
2266 1637 2407 1678 mo-

265 1730 484 1778 menta
515 1735 596 1779 ex
627 1715 783 1804 ipsis
817 1713 1052 1802 Elegiis
1086 1713 1220 1802 peti
1240 1761 1258 1794 ,
1299 1729 1364 1776 et
1398 1713 1480 1776 ad
1518 1729 1801 1778 veterem
1847 1717 2219 1781 Cornelium
2257 1717 2401 1784 Gal·

267 1819 404 1883 lum
448 1817 796 1908 adplicari,
839 1818 1132 1907 quamvis
1181 1819 1489 1906 pleraque
1538 1839 1832 1906 perverse
1880 1837 1945 1883 et
1992 1822 2159 1885 male
2200 1825 2401 1889 inter-

267 1923 614 2012 pretando.-
647 1923 1066 1988 Luculentior
1097 1921 1364 2012 quidem
1391 1924 1556 1987 ratio
1582 1923 1784 1988 videri
1812 1948 1883 1989 ea
1914 1942 2127 2013 potest
2148 1976 2165 2009 ‚
2205 1951 2401 2016 quam

267 2029 346 2095 ab
391 2045 712 2118 usurpato
750 2031 981 2120 puellae
1025 2029 1360 2118 Lycoridis
1391 2029 1693 2111 nomine,
1726 2054 1803 2095 ex
1834 2031 2049 2121 Elegia
2081 2034 2179 2116 ΙΙ,
2209 2037 2405 2122 petit,

271 2158 400 2223 quo
445 2135 573 2199 sub
620 2137 888 2200 nomine
937 2136 1133 2199 Corn.
1187 2135 1408 2199 Gallus
1457 2134 1877 2223 Cytheridem
1924 2151 2167 2202 amasse
2218 2155 2283 2202 et
2328 2141 2405 2204 li-

269 2241 396 2305 bris
434 2241 528 2305 IV
563 2243 876 2306 Amorum
913 2240 1264 2306 celebrasse
1303 2239 1648 2304 ferebatur.
1688 2240 1813 2305 Sed
1851 2265 2063 2330 neque
2097 2245 2231 2309 sola
2266 2246 2405 2311 haec

269 2348 532 2437 Lycoris
579 2364 713 2431 est,
754 2349 940 2429 cujus
984 2370 1238 2412 amores
1273 2343 1702 2411 Maximianus
1737 2345 1963 2433 deflet,
2003 2373 2123 2415 nec
2161 2375 2401 2418 nomen

272 2452 424 2517 illud
445 2501 468 2537 ,
502 2475 541 2517 a
575 2453 872 2541 pluribus
903 2452 1112 2542 poetis
1144 2452 1424 2540 antiquis
1456 2450 1859 2535 adhibitum,
1895 2452 1978 2517 ad
2010 2455 2220 2521 solum
2252 2458 2407 2523 Cor-

273 2559 514 2623 nelium
541 2558 797 2623 Gallum
823 2558 1045 2622 referri
1071 2573 1345 2646 poterat.
1368 2557 1452 2620 Et
1475 2556 1590 2644 qui
1622 2574 2023 2625 senectutem
2052 2578 2400 2628 extremam

273 2665 330 2727 in
378 2687 606 2729 amore
661 2666 907 2730 lascivae
953 2664 1182 2755 puellae
1229 2663 1550 2753 perditam
1598 2664 1897 2753 queritur
1930 2665 2359 2734 Maximianus
2385 2720 2404 2753 ,

274 2772 536 2835 minime
559 2771 1008 2835 convenientia
1037 2770 1390 2835 Amoribus
1412 2770 1694 2834 Cornelii
1720 2768 1882 2835 Galli
1909 2774 2233 2861 scripsisse
2254 2797 2403 2839 cen-

271 2875 508 2939 sendus
545 2892 676 2958 est,
714 2877 828 2964 qui
862 2891 1259 2940 senectutem
1295 2874 1639 2938 invalidam
1672 2874 1847 2939 haud
1879 2894 2180 2964 expertus
2212 2880 2402 2943 tertio

270 2997 332 3043 et
360 2980 858 3071 quadragesimo
888 2982 1088 3045 aetatis
1122 3002 1298 3043 anno
1330 2980 1528 3043 vitam
1562 2978 1787 3045 finivit.
1829 2982 1967 3045 Alia
2000 2984 2307 3070 pervertit
2338 3000 2403 3048 et

273 3101 532 3174 torquet
579 3085 900 3150 Gaui-icus
920 3132 938 3167 ,
983 3099 1058 3148 ut
1109 3084 1310 3148 Corn.
1359 3083 1619 3148 Gallum
1664 3104 1742 3147 ex
1786 3085 2020 3174 Elegiis
2068 3086 2399 3153 extundat.

267 3190 615 3257 Etruscum
641 3214 864 3255 earum
895 3206 1226 3255 auctorem
1249 3190 1544 3277 agnoscit
1564 3210 1643 3253 ex
1674 3189 1769 3254 El.
1799 3191 1829 3253 I
1848 3241 1866 3274 ,
1894 3192 2013 3278 593
2042 3190 2121 3274 V,
2152 3190 2187 3257 5
2207 3240 2225 3274 ,
2252 3194 2403 3258 licet

269 3297 643 3361 Cornelium
685 3296 942 3362 Gallum
980 3312 1174 3385 geute
1200 3293 1711 3374 Forojuliensem
1746 3296 1943 3360 fuisse
1975 3297 2045 3361 in
2081 3298 2401 3387 principio

267 3402 546 3468 fateatur
561 3452 580 3486 ,
611 3419 808 3492 atque
839 3403 1004 3468 adeo
1029 3422 1328 3491 perverse
1357 3401 1601 3465 Forum
1634 3403 1783 3465 sulii
1816 3404 1883 3465 in
1920 3403 2243 3467 Etruriam
2284 3407 2403 3469 mi-

269 3530 450 3595 grare
481 3508 656 3573 facit.
685 3510 997 3599 Legatum
1025 3508 1312 3596 AEgypto
1335 3506 1667 3593 praefuisse
1687 3555 1704 3587 ‚
1740 3528 1779 3570 e
1798 3528 1989 3572 versu
2024 3532 2047 3571 1
2082 3508 2314 3599 Elegiae
2343 3508 2401 3571 V

267 3614 616 3703 exsculpsit
643 3637 661 3678 :
1145 3630 1150 3639 “

550 3768 746 3821 Missus
777 3766 847 3821 ad
871 3766 1009 3820 ans
1040 3766 1201 3838 legati
1237 3782 1453 3819 munere
1480 3776 1682 3837 partes,

267 3908 388 3973 sed
409 3909 650 3999 duplici
674 3932 893 3974 errore
913 3958 930 3990 ‚
958 3910 1060 3974 vel
1084 3908 1309 3974 fraude
1329 3908 1567 3998 potius.
1596 3907 1853 3971 Etenim
1880 3908 2164 3973 Orientis
2188 3927 2397 3997 partes

267 4032 516 4079 temere
563 4018 1026 4104 interpretatur
1059 4016 1140 4080 de
1179 4016 1468 4105 AEgypto
1486 4062 1503 4095 ‚
1550 4034 1761 4101 quum
1800 4030 2048 4078 certum
2096 4015 2178 4078 sit
2196 4062 2213 4093 ,
2251 4015 2399 4079 alias

263 4122 632 4207 provincias
659 4122 946 4186 Orientis
971 4122 1234 4185 nomine
1257 4120 1337 4185 ab
1360 4120 1640 4208 antiquis
1669 4120 1903 4209 signari
1930 4120 2153 4184 solere.
2184 4121 2401 4208 Legati

2056 4250 2153 4292 ιο.
