2964 4690
504 353 639 445 492

1176 355 1592 423 HOSIDII
1643 356 1944 423 GETAE

1404 511 1710 557 MEDEA.

600 625 785 715 Quid
812 625 1157 696 dubitem?
1193 627 1573 696 audendum
1603 627 1870 696 dextra:
1902 650 2083 694 nunc
2109 625 2250 718 ipsa
2276 639 2467 693 vocat
2490 649 2616 694 res.

598 739 854 804 Auctor
886 761 1011 828 ego
1047 735 1369 822 audendi,
1401 736 1783 806 foecundum
1822 750 2100 806 concute
2135 749 2382 830 pectuS.

501 978 625 1033 gare
650 960 795 1013 licuit
821 960 915 1013 lib.
944 961 1085 1028 XII,
1114 961 1215 1015 835
1236 1002 1251 1028 ,
1277 974 1329 1015 at
1351 981 1455 1015 uon
1480 983 1516 1014 a

502 1059 703 1108 corpore
746 1054 899 1093 tanto.
954 1040 1059 1093 Sed
1106 1039 1271 1112 quid,
1310 1059 1515 1113 quasso,

499 1118 813 1191 significabit
831 1120 1082 1192 Absyrthi
1104 1147 1129 1166 u
1148 1119 1335 1173 Infelix
1358 1121 1515 1172 simu-

499 1197 705 1250 lacrum
755 1197 859 1251 labi
910 1217 941 1252 a
989 1217 1208 1270 corpore
1258 1199 1444 1252 tanto?
1489 1225 1514 1243 ι·

500 1275 639 1330 Novi
684 1277 835 1331 illud.
869 1277 937 1330 de
984 1279 1209 1351 imagine
1267 1279 1477 1333 Creusae
1497 1317 1512 1343 ‚

499 1357 674 1408 AEneae
722 1355 1022 1428 adparenti,
1076 1358 1168 1410 lib.
1214 1359 1271 1410 11
1298 1398 1315 1425 ,
1379 1373 1512 1428 772:

504 1458 529 1481 ι
559 1435 753 1489 Infelix
784 1436 1125 1489 simulacrum
1164 1450 1324 1510 atque
1351 1437 1514 1509 ipsius

504 1515 690 1567 umbra
717 1515 927 1568 Creusa!
946 1515 1071 1568 Visa
1097 1517 1228 1569 mihi
1254 1527 1375 1569 ante
1396 1535 1516 1568 ocu-

500 1591 604 1652 los,
638 1606 691 1647 et
724 1606 853 1647 nota
877 1599 1050 1666 major
1078 1595 1251 1666 imago
1274 1613 1334 1658 κς
1374 1594 1514 1648 unde

501 1671 675 1742 prima
719 1691 846 1745 pars
879 1672 1038 1744 hujus
1086 1674 1190 1727 loci
1224 1672 1514 1744 desumpta.

500 1748 731 1820 Reliquis
780 1771 905 1804 vero
958 1751 1247 1806 enodandis
1304 1752 1517 1824 OEdipo

500 1840 641 1881 certe
670 1832 966 1902 conjectore
986 1849 1119 1902 opus
1151 1843 1245 1883 est.
1269 1829 1405 1884 Mihi
1428 1831 1516 1884 hic

502 1907 701 1978 requiri
737 1908 949 1962 videtur
976 1908 1369 1962 hemistichium
1389 1911 1518 1963 Vir-

500 1986 777 2056 gilianum,
798 1988 943 2060 quod
962 1987 1225 2042 mendosae
1244 1990 1518 2060 scripturo

502 2066 721 2137 vestigia
747 2079 987 2138 premat,
1034 2077 1085 2119 et
1122 2067 1305 2139 paucis
1342 2068 1516 2122 verbis

497 2145 739 2198 umbram
758 2147 862 2198 Abs
868 2145 1014 2218 yrthi
1029 2146 1309 2199 crudeliter
1324 2146 1517 2200 discer-

498 2223 577 2294 pti
599 2222 892 2277 deformem
920 2223 1210 2292 describat,
1235 2225 1308 2278 ita
1332 2239 1393 2278 ut
1412 2245 1518 2280 mo-

501 2300 572 2354 do
598 2301 825 2358 vidimus
850 2303 917 2357 ad
944 2323 1024 2359 vs.
1050 2304 1168 2358 383.
1198 2305 1384 2377 Itaque
1408 2323 1516 2359 non

496 2379 682 2434 dubito
736 2394 945 2453 poetam
1002 2384 1365 2437 centenarium
1416 2404 1515 2455 pro

500 2479 647 2513 more
672 2480 771 2514 suo
795 2462 885 2515 hic
909 2463 1087 2516 denuo
1114 2464 1269 2516 nobis
1310 2463 1515 2517 dedisse

500 2559 709 2593 versum
751 2560 861 2594 uno
898 2542 1031 2612 pede
1065 2541 1390 2613 superfluum
1410 2581 1425 2607 ,
1452 2556 1513 2596 ut

498 2619 806 2673 innumeros
863 2638 1019 2693 supra
1082 2622 1378 2675 notavimus
1396 2660 1411 2684 ‚
1460 2635 1514 2675 et

496 2697 757 2768 scripsisse
817 2702 1054 2752 laniacum
1119 2720 1317 2768 corpore
1370 2716 1465 2752 toto
1494 2722 1513 2752 .·

497 2777 641 2841 quod
671 2779 949 2832 simulacro
977 2779 1229 2852 Absyrthi
1258 2799 1291 2833 a
1325 2780 1514 2833 Medea

499 2853 771 2908 dilacerati
807 2858 1006 2929 optime
1040 2860 1315 2921 convenit,
1344 2872 1395 2912 et
1421 2859 1513 2913 de-

501 2948 773 3005 sumptum
795 2948 871 2988 est
898 2954 963 2989 ex
988 2939 1110 2988 AEn.
1138 2937 1229 2989 lib.
1244 2938 1327 2989 vl
1345 2974 1361 3002 ,
1384 2944 1512 3005 494,

495 3012 562 3065 de
589 3014 851 3085 Deiphobi
877 3016 1065 3068 umbra
1088 3015 1251 3068 instar
1262 3016 1512 3089 Absyrthi

496 3090 823 3145 deformata:
857 3094 1065 3164 “Atque
1092 3092 1177 3147 hic
1214 3094 1510 3147 Priamiden

496 3170 751 3223 laniatum
784 3190 1007 3243 corpore
1041 3184 1154 3224 toto
1179 3172 1510 3245 Deiphobum

499 3248 664 3313 vidit,
696 3252 931 3303 lacerum
951 3250 1233 3305 crudeliter
1252 3272 1347 3306 ora
1363 3289 1380 3316 ,
1403 3255 1513 3307 Ora

498 3346 789 3401 manusque
802 3330 1005 3391 ambas,
1016 3332 1372 3401 populataque
1385 3344 1515 3385 tem-

496 3426 627 3476 pora
652 3409 817 3480 raptis
832 3409 1059 3462 Auribus
1074 3449 1090 3474 ,
1116 3422 1167 3462 et
1194 3422 1407 3463 truncas
1431 3411 1515 3463 in-

494 3484 714 3539 honesto
768 3487 984 3540 vulnere
1034 3507 1189 3542 nares
1212 3513 1253 3541 ι.
1305 3490 1392 3542 Sic
1441 3490 1511 3544 de

491 3564 671 3617 Troilo
694 3580 748 3620 et
774 3566 1045 3640 Deiphobo
1064 3566 1357 3622 Cassandra
1370 3568 1511 3640 apud

492 3644 679 3699 senec.
711 3644 765 3696 in
796 3646 980 3715 Agam.
1000 3650 1129 3717 746:
1159 3674 1185 3693 υ
1206 3646 1310 3700 Sed
1336 3646 1512 3701 lacera

492 3723 726 3776 membra
756 3722 977 3793 (video)
1007 3737 1060 3778 et
1098 3726 1305 3779 saucios
1342 3725 1518 3779 vinclo

490 3800 637 3878 gravi
658 3802 785 3854 Illos
812 3801 1037 3856 lacertos
1065 3823 1078 3856 :
1109 3817 1159 3857 te
1184 3824 1399 3875 sequor,
1432 3806 1512 3857 ni-

492 3886 655 3939 mium
673 3880 779 3933 cito
802 3882 1092 3952 Congu-esse
1112 3883 1302 3937 Achilli
1314 3884 1514 3947 Troile,

492 3968 715 4017 incertos
765 3960 903 4031 geris
946 3960 1217 4033 Deiphobe
1262 3964 1435 4017 vultus
1454 3987 1477 4008 ι
1495 4004 1508 4015 .

492 4042 687 4095 Pariter
715 4040 884 4095 Pelias
912 4040 1153 4093 umbram
1194 4040 1390 4114 Phryxi
1432 4042 1505 4094 la-

1605 980 1778 1014 ceram
1816 960 1872 1013 in
1908 957 2102 1012 somnis
2144 957 2438 1028 adspiciens
2475 954 2619 1027 apud

1601 1041 1723 1094 val.
1743 1039 1915 1092 Flacc.
1939 1038 2030 1091 lib.
2050 1038 2108 1100 1,
2148 1043 2247 1105 49:
2291 1035 2504 1108 «ipsum
2525 1036 2616 1106 ju·

1602 1137 1788 1172 venem
1809 1129 1917 1172 tam
1934 1135 2071 1171 sava
2090 1125 2385 1188 gementem
2399 1155 2416 1180 ,
2434 1116 2616 1186 Ipsum

1602 1218 1726 1270 ego,
1747 1217 1913 1270 quum
1939 1216 2086 1250 serus
2117 1195 2276 1248 fessos
2305 1213 2464 1264 sopor
2487 1191 2620 1244 adli-

1601 1289 1691 1348 gat
1707 1289 1868 1342 artus,
1885 1276 2160 1348 Adspicio:
2181 1293 2372 1347 meque
2387 1271 2617 1326 adsiduis

1601 1358 1770 1409 lacera
1812 1355 1957 1409 illius
1992 1357 2176 1408 umbra
2221 1354 2506 1420 Questibus
2521 1392 2540 1417 ,
2567 1361 2620 1403 et

1600 1435 1776 1506 magni
1793 1453 1990 1488 numen
2009 1433 2167 1487 maris
2187 1433 2380 1486 excitat
2397 1430 2545 1484 Helle
2561 1446 2620 1490 »ς

1600 1515 1694 1567 ubi
1722 1512 1846 1567 vide
1871 1525 2038 1568 notas·

1672 1592 1792 1662 39²·
1851 1597 1985 1661 Quid
2039 1595 2244 1644 dubitem
2267 1600 2295 1641 θ
2334 1592 2622 1642 audendum

1603 1676 1783 1724 dextra
1803 1690 1824 1722 .·
1860 1693 1993 1724 nune
2035 1675 2143 1740 ipsa
2189 1685 2345 1724 vocae
2382 1687 2460 1720 res
2485 1688 2504 1718 .-
2547 1667 2615 1719 ita

1605 1751 1884 1823 legendum
1907 1751 2089 1804 censui
2107 1789 2125 1816 ,
2151 1747 2314 1821 idque
2337 1749 2392 1800 in
2417 1758 2616 1799 textum

1605 1831 1811 1902 recepi3
1841 1847 1966 1882 nam
1994 1831 2048 1882 in
2075 1828 2193 1882 cod.
2213 1829 2373 1882 Salm.
2395 1839 2446 1880 et
2467 1823 2615 1877 Leid.

1605 1910 1743 1963 male
1769 1910 2067 1980 legebatur:
2097 1907 2278 1973 -Quid
2300 1905 2509 1960 dubitas
2533 1921 2620 1956 au-

1606 1989 1838 2043 dendum
1865 1995 2050 2043 dextra
2069 2011 2091 2034 »
2117 2005 2131 2038 :
2169 1985 2311 2038 unde
2331 1985 2476 2056 prius
2493 1999 2618 2036 con-

1599 2069 1832 2140 jeceram
1855 2085 1870 2120 :
1899 2092 1922 2114 ι
1950 2064 2094 2133 Quid
2121 2063 2358 2130 dubitas,
2396 2057 2620 2117 dextra?

1605 2146 1905 2200 audendum
1929 2165 1942 2197 :
1969 2162 2111 2198 nunc
2138 2144 2244 2214 ipsa
2270 2155 2428 2197 vocat
2453 2161 2538 2196 res
2559 2167 2583 2186 ι·
2601 2173 2618 2198 2

1605 2245 1760 2278 seusu
1785 2224 1998 2296 quidem
2021 2221 2300 2277 commodo
2319 2242 2334 2286 ;
2369 2233 2428 2275 ut
2445 2223 2506 2276 in
2525 2226 2620 2279 illo

1605 2303 1816 2359 Catonis
1833 2341 1847 2367 ,
1876 2301 2142 2375 propriam
2163 2319 2345 2355 necem
2367 2303 2620 2358 meditan-

1604 2385 1702 2447 tis,
1740 2386 1797 2435 in
1829 2382 2201 2456 epigrammate
2226 2382 2446 2453 antiquo
2477 2384 2618 2455 apud

1602 2463 1884 2527 Pithoeum,
1908 2462 2000 2514 lib.
2021 2462 2096 2524 11,
2124 2480 2180 2532 p.
2205 2459 2273 2513 ⁵0
2293 2502 2310 2526 ,
2333 2460 2423 2513 ed.
2449 2462 2616 2515 Paris.

1605 2569 1627 2590 ι
1651 2545 1878 2595 Dextera
1894 2579 1913 2604 ‚
1953 2538 2087 2612 quid
2129 2538 2376 2593 dubitas?
2422 2539 2618 2593 durum

1601 2634 1678 2675 est
1723 2620 1970 2694 jugulare
2011 2622 2280 2673 Catonem.
2315 2617 2421 2672 sed
2457 2618 2620 2672 modo

1601 2701 1734 2755 liber
1751 2700 1874 2753 erit:
1891 2700 2002 2772 jam
2018 2738 2032 2761 ‚
2059 2710 2212 2770 puto,
2231 2716 2340 2751 uon
2357 2695 2564 2751 dubitas
2576 2724 2622 2749 -.

1601 2778 1703 2833 Sed
1721 2779 1940 2833 alterum
1959 2778 2198 2849 praetuli,
2227 2776 2351 2846 quis
2375 2780 2509 2841 Quid
2523 2782 2618 2829 du-

1601 2862 1724 2910 bitas
1752 2859 1809 2909 in
1832 2856 2056 2928 Virgilio
2091 2875 2195 2909 non
2227 2854 2454 2908 offendi.
2487 2859 2623 2923 Quid

1601 2943 1807 2991 dubitem
1829 2948 1908 2990 est
1933 2954 1994 2989 ex
2023 2936 2114 2989 lib.
2149 2936 2250 2998 IX,
2281 2952 2404 3002 191:
2429 2960 2452 2981 ι
2469 2936 2620 3001 Quid

1599 3017 1860 3080 dubitem,
1907 3026 1959 3067 et
1984 3034 2103 3086 qun
2127 3031 2270 3066 nuuc
2293 3015 2472 3067 auimo
2495 3034 2614 3067 seu-

1601 3097 1760 3149 tentia
1781 3106 1958 3164 surgat
1975 3117 2016 3145 ι.
2036 3097 2331 3145 Audendum
2358 3097 2542 3145 dextra
2567 3106 2618 3145 et

1599 3192 1746 3245 seqq.
1767 3182 1891 3225 sunt
1913 3191 1975 3224 ex
1995 3170 2226 3245 ejusdem
2243 3172 2392 3239 libri,
2409 3192 2457 3224 v.
2473 3171 2575 3227 320
2599 3194 2612 3225 :

1602 3280 1626 3297 ο-
1647 3252 1877 3323 Euryale
1891 3290 1908 3317 ,
1927 3250 2228 3305 audendum
2245 3250 2450 3305 dextra.
2465 3252 2620 3305 Nunc

1603 3332 1714 3401 ipsa
1740 3344 1893 3385 vocnt
1920 3348 2002 3383 res
2023 3356 2064 3381 n.
2100 3334 2306 3383 AEstum
2339 3330 2485 3383 hunc
2517 3330 2614 3382 du-

1603 3410 1820 3463 bitantis
1877 3408 2072 3464 Medeae
2127 3410 2333 3481 egregie
2381 3409 2616 3481 depinxit

1597 3488 1792 3541 Seneca
1839 3500 1950 3543 toto
1989 3500 2112 3542 actu
2150 3488 2348 3559 quinto·
2382 3487 2614 3549 Me'deoez

1597 3567 1688 3620 sed
1713 3570 1978 3639 praecipue
1997 3587 2068 3619 vs.
2090 3564 2224 3635 937:
2250 3592 2276 3613 α
2295 3564 2446 3631 Quid
2464 3607 2480 3632 ,
2510 3568 2617 3619 sni-

1599 3666 1687 3700 me
1703 3687 1718 3713 ,
1742 3645 1972 3701 titubas?
1992 3665 2085 3699 ora
2107 3644 2237 3717 quid
2264 3644 2517 3717 lacryma
2541 3647 2615 3699 ri-

1601 3725 1764 3797 gant?
1805 3727 2130 3798 Variamque
2171 3742 2316 3777 nunc
2353 3723 2460 3777 huc
2493 3726 2574 3777 ira
2597 3764 2614 3787 ,

1601 3821 1743 3859 nune
1782 3808 1908 3859 illuc
1948 3824 2098 3858 amor
2139 3802 2389 3857 Diducit?
2421 3820 2617 3876 anceps

1602 3897 1754 3938 oestus
1774 3885 2020 3938 incertam
2044 3884 2210 3955 rapit,
2241 3895 2343 3935 etc.
2358 3908 2386 3927 v·
2415 3887 2614 3935 Auden-

1599 3968 1714 4015 dum
1741 3978 1814 4015 est
1833 3969 2013 4015 dextra
2039 3965 2097 4017 in
2120 3962 2387 4015 nonnullis
2405 3962 2612 4033 Virgilii

1599 4042 1898 4106 codicibus3
1919 4041 2010 4095 sed
2030 4061 2136 4095 non
2155 4060 2289 4112 opus
2315 4053 2422 4095 est:
2443 4058 2614 4112 neque
