2964 4690
811 429 1186 499 ELEGIA
1237 429 1374 498 DE
1419 403 1815 500 rumen.
2254 455 2385 528 ¹77

247 559 598 648 subrepere
633 575 829 646 queat
857 547 976 647 (ι).
1023 560 1224 624 Mich.
1269 559 1673 624 Marollesius
1717 559 1887 623 hanc
1924 558 2204 648 Elegiam
2235 560 2389 625 Gal-

255 665 360 728 tim
389 687 591 754 prosa
623 666 848 747 vertit,
881 665 1128 746 adjecta
1157 665 1370 752 aliqua
1402 666 1657 757 notula,
1688 665 1773 730 ad
1800 667 2037 730 calcem
2069 666 2388 732 librorum

251 769 328 833 de
348 773 504 835 Arte
536 769 836 854 amandi,
862 771 1036 836 inter
1067 771 1380 859 opuscula
1410 773 1655 860 reliqua
1693 771 1909 836 Ovidii
1938 772 2245 859 operibus
2274 774 2391 838 ad·
2474 853 2479 865 Ι

244 877 424 966 jungi
478 878 708 959 solita,
759 878 960 943 Paris.
1021 878 1230 958 1660,
1266 879 1470 942 in-ta.
1513 877 1615 943 Ibi
1656 879 1781 946 tale
1819 877 2137 960 judicium
2186 878 2267 944 de
2318 905 2390 946 ea

249 981 410 1045 fert:
447 983 736 1072 Quoique
763 1007 834 1048 ce
860 985 1091 1073 poc‘me
1121 1006 1200 1047 ne
1215 977 1346 1070 fiit
1365 1005 1500 1072 pas
1534 983 1595 1046 d'
1605 983 1805 1048 Ovide
1822 1032 1841 1064 ,
1891 1007 1962 1046 ce
1996 983 2159 1048 n’est
2177 1009 2301 1074 pas
2348 983 2391 1049 ὰ

249 1086 384 1150 dire
432 1091 618 1152 aussi
656 1111 742 1177 qu
753 1087 826 1152 ’il
872 1092 995 1154 soit
1045 1092 1104 1153 si
1145 1093 1433 1152 mauvais
1488 1089 1681 1178 qu'on
1731 1088 1795 1152 le
1842 1088 2024 1152 doive
2042 1089 2248 1178 juger
2297 1095 2391 1156 in-

248 1191 437 1278 digne
483 1193 534 1255 d
537 1190 684 1257 ’e'tre
739 1193 830 1258 lu.
887 1195 1004 1258 Les
1041 1192 1292 1283 pensetis
1339 1215 1418 1258 en
1472 1207 1617 1257 sont
1645 1193 1872 1283 solies,
1926 1209 1989 1258 et
2022 1218 2101 1258 ne
2118 1213 2391 1282 permeat

249 1299 424 1360 avoir
451 1294 556 1362 ἑτέ
581 1297 929 1386 imagineas
955 1321 1076 1388 que
1090 1322 1228 1387 par
1257 1323 1344 1362 un
1384 1305 1575 1387 espn't
1604 1299 1824 1388 enjoue'
1870 1302 1987 1388 qui
2000 1299 2254 1388 faisait
2290 1289 2392 1365 αἰζ-

249 1400 485 1467 se'ment
539 1403 648 1468 des
703 1427 876 1470 vers.
944 1404 1252 1470 Gallicam
1317 1403 1753 1494 metaphrasin
1810 1403 2047 1470 pulicis
2096 1406 2393 1472 Ovidiani

249 1508 584 1574 Fabricius
627 1510 828 1575 refert
845 1559 864 1593 ‚
901 1527 1149 1575 exstare
1181 1510 1252 1574 in
1287 1509 1508 1574 libello
1546 1533 1775 1598 parum
1820 1511 1987 1576 serio
2006 1560 2024 1594 ‚
2064 1527 2129 1577 et
2162 1535 2393 1602 parum

249 1611 488 1701 pudico
508 1664 528 1698 ,
581 1617 698 1704 qui
747 1617 1016 1680 Amstel.
1071 1638 1272 1702 1720,
1317 1617 1434 1678 in·
1457 1639 1534 1680 12
1562 1664 1580 1698 ‚
1632 1613 1878 1707 prodiit
1918 1617 2040 1681 sub
2078 1617 2269 1682 titulo
2305 1619 2397 1685 les

257 1717 483 1784 Te'tons
493 1768 518 1801 ,
547 1743 693 1812 pag.
725 1718 829 1786 50.
861 1721 1099 1785 Praeter
1123 1721 1246 1784 hos
1273 1721 1607 1785 nemiuem
1632 1721 1830 1785 alium
1859 1723 2168 1811 cognovi,
2196 1725 2311 1812 qui
2336 1726 2397 1790 ei

251 1826 534 1911 poemati
589 1825 990 1892 recensendo
1043 1849 1267 1891 curam
1326 1827 1609 1915 aliquam
1668 1825 2057 1892 adhibuerit.
2113 1830 2259 1919 Ipse
2311 1831 2397 1898 ad

253 1953 481 1997 manus
531 1931 738 1996 habui
787 1931 922 1997 duo
973 1933 1264 2022 exempla
1307 1932 1482 2014 ejus,
1528 1955 1565 1996 a
1608 1934 2007 1997 Bersmanno
2052 1950 2117 1998 et
2152 1958 2189 1999 a
2234 1936 2395 2001 Gol-

251 2037 430 2104 desto
455 2041 754 2129 vulgata,
787 2063 932 2128 quae
963 2061 1194 2129 parum
1222 2037 1489 2104 differre
1516 2039 1903 2105 lectionibus
1932 2042 2254 2130 comperi,
2280 2043 2397 2108 sed

251 2145 470 2210 eadem
501 2147 753 2212 contuli
781 2168 935 2210 cum
965 2161 1146 2210 textu
1161 2195 1180 2228 ,
1202 2167 1399 2234 quem
1426 2145 1708 2211 habebat
1737 2146 2169 2211 vetustissima
2190 2146 2392 2213 editio

253 2251 489 2317 codicis
521 2251 1012 2342 Guelferbytani
1039 2275 1236 2342 supra
1261 2253 1637 2334 memorati,
1671 2253 1739 2316 in
1768 2276 1903 2340 quo
1929 2251 2197 2341 quidem
2222 2276 2394 2318 non-

254 2361 452 2425 nullas
500 2360 802 2425 lectionis
849 2362 1184 2427 varietates
1205 2409 1224 2443 ,
1281 2360 1395 2425 sed
1440 2360 1830 2449 plerumque
1873 2358 2227 2425 deteriores
2249 2409 2268 2444 ‚
2324 2379 2391 2427 et

255 2465 601 2531 barbarum
631 2467 942 2531 saeculum
970 2466 1336 2531 redolentes
1360 2466 1622 2549 inveui3
1650 2488 1809 2554 quas
1839 2467 2033 2530 etiam
2060 2468 2397 2558 exscripsit

256 2588 315 2635 et
343 2571 687 2637 adnotavit
715 2572 854 2637 Pol.
893 2574 1208 2661 Leyserus
1242 2572 1405 2635 Hist.
1442 2588 1616 2660 poet.
1651 2571 1823 2637 med.
1866 2573 1981 2635 aevi
2000 2619 2017 2654 ‚
2053 2596 2199 2663 pag.
2242 2575 2397 2660 269.

254 2678 574 2743 Caeterum
610 2678 725 2765 qui
764 2676 874 2742 hic
905 2678 1131 2759 jocum
1177 2676 1545 2766 ludumque
1584 2677 1821 2741 lascivo
1859 2693 2069 2766 poetoe
2097 2679 2395 2768 suppedi-

253 2786 396 2849 tavit
427 2785 638 2849 Pulex
657 2832 676 2866 ‚
723 2784 899 2849 idem
941 2800 1006 2849 et
1045 2785 1346 2875 gravibus
1384 2784 1537 2848 viris
1570 2782 1903 2848 materiam
1947 2784 2288 2849 exercendi
2322 2786 2392 2849 in

253 2882 382 2962 ejus
437 2884 642 2949 laude
697 2885 942 2975 ingenii
995 2886 1296 2975 praebuit.
1379 2884 1645 2973 Quippe
1712 2886 2087 2948 encomium
2154 2885 2397 2951 Pulicis

254 2990 503 3080 scripsit
537 2990 820 3056 Michael
853 2980 1103 3056 Ps‘ellus
1119 3040 1136 3069 ‚
1176 3008 1242 3055 et
1287 3006 1439 3080 post
1477 3012 1633 3056 eum
1666 2989 1897 3054 Caelius
1928 2990 2353 3079 Calcagninus
2374 3041 2393 3075 ,

315 3178 392 3249 (1)
425 3180 586 3233 Idem
611 3180 850 3252 joculare
880 3192 1068 3235 votum
1099 3180 1156 3233 iu
1187 3180 1420 3253 pulicem
1461 3179 1799 3246 transeundi,
1839 3180 2057 3233 fortasse
2081 3178 2187 3233 hoc
2212 3181 2331 3253 ipso
2366 3202 2397 3236 c

255 3270 480 3322 carmine
508 3268 804 3322 delibatum
823 3309 842 3335 ,
865 3286 1038 3341 nuper
1059 3268 1118 3322 iu
1143 3268 1363 3340 epistole
1391 3269 1647 3321 amatoria
1674 3266 1893 3320 illustris
1927 3267 2160 3321 auctoris
2182 3270 2355 3339 reperi
2376 3306 2397 3333 ,

257 3376 435 3431 nempe
453 3358 514 3411 in
539 3377 650 3411 uua
675 3377 858 3411 earum
873 3398 890 3425 ‚
916 3376 1048 3429 quaa
1073 3360 1267 3410 AEneas
1292 3356 1505 3430 Sylvius
1520 3397 1536 3424 ‚
1564 3356 1647 3408 Pii
1674 3358 1731 3408 11
1756 3356 1977 3409 nomine
1992 3356 2232 3409 Pontifex
2258 3375 2399 3411 max.

257 3444 302 3495 in
327 3447 512 3501 libello
531 3484 548 3511 ,
572 3446 668 3519 qui
693 3446 834 3500 inter
850 3448 963 3519 ejus
989 3464 1155 3518 opera,
1179 3454 1343 3498 exstat
1359 3481 1375 3508 ,
1393 3442 1462 3497 de
1485 3443 1703 3517 Euryali
1729 3454 1781 3497 et
1810 3443 2074 3496 Lucretiae
2088 3443 2359 3499 amoribus
2379 3484 2397 3510 ,

257 3534 396 3603 qmsi
421 3535 528 3588 hoe
563 3534 706 3587 inter
738 3545 978 3587 amantes
1003 3532 1218 3599 missae,
1259 3530 1547 3595 confinxit,
1585 3549 1796 3603 quaque
1826 3531 2101 3602 proposita
2136 3530 2193 3585 in
2228 3532 2403 3587 Schei-

257 3619 424 3675 tum-nii
445 3624 656 3675 Amoen.
681 3620 818 3675 liter.
843 3622 1195 3692 tom.1,.pag
1217 3619 1345 3682 265,
1379 3620 1659 3689 probatur,
1682 3617 1933 3691 epistolas
1958 3620 2262 3684 amoebaeas,
2283 3638 2405 3692 quae

258 3710 411 3806 vulgo
447 3708 729 3775 ferantur,
763 3708 1022 3763 Electoris
1056 3706 1218 3761 Palat.
1245 3705 1424 3761 Caroli
1455 3705 1718 3759 Ludovici
1757 3717 1810 3759 et
1845 3706 2203 3778 Degenfeldiae
2242 3708 2405 3763 Baro-

259 3796 428 3859 ιιίεεε,
465 3818 533 3851 ex
570 3799 686 3852 istis
717 3802 902 3851 AEneae
931 3815 1042 3851 esse
1066 3795 1370 3869 descriptae.
1421 3795 1485 3847 In
1529 3814 1586 3847 ea
1630 3794 1791 3865 igitur
1830 3793 2047 3865 epistola
2088 3794 2199 3849 hoec
2236 3798 2401 3849 verba

257 3882 538 3955 leguntur:
577 3886 691 3939 «Et
713 3886 758 3940 si
783 3886 966 3959 plures
1001 3897 1053 3938 te
1078 3897 1284 3947 amant,
1315 3882 1589 3936 nullorum
1626 3894 1804 3934 tamen
1839 3880 1975 3952 ignis
2015 3884 2401 3954 comparandus

259 3984 334 4023 est
352 3990 486 4026 meo.
513 3976 584 4027 At
609 3984 670 4027 tu
693 3993 805 4027 non
829 3973 1029 4041 credis,
1046 3974 1173 4045 quia
1201 3970 1350 4043 loqui
1379 3988 1591 4043 nequeo
1620 3980 1795 4021 tecum
1818 3988 1833 4020 ε
1866 3966 1922 4022 id
1952 3969 1993 4021 si
2021 3970 2263 4036 daretur,
2292 3990 2403 4023 non

257 4077 338 4112 me
363 4074 749 4117 contemneres.
788 4062 839 4115 Ο
874 4063 1080 4115 utinam
1116 4060 1232 4113 fieri
1273 4078 1482 4131 possem
1509 4056 1775 4111 hirundo!
1816 4058 1908 4110 sed
1948 4058 2194 4111 libentius
2237 4070 2405 4110 nans·

261 4146 475 4201 {ormari
497 4150 550 4201 in
569 4150 804 4219 pulicem
831 4150 1051 4215 vellem,
1085 4168 1154 4203 ne
1183 4146 1314 4201 mihi
1349 4146 1632 4200 fenestram
1669 4142 1943 4198 clauderes
1960 4170 2001 4194 ι.

453 4244 622 4313 VII.
2026 4260 2107 4302 η
