2964 4690
529 348 632 420 -36

1291 353 1922 422 COLUMELLA

639 476 804 543 Dira
845 475 1079 567 Nepte,
1121 487 1440 569 tergoque
1478 476 1665 545 Croti
1710 475 1975 544 festinat
2013 478 2293 570 equino,

635 587 872 656 Nescia
915 583 1104 680 plebs
1149 586 1442 680 generis,
1486 586 1683 654 matri
1722 610 1809 653 ne
1842 586 2093 679 parcite
2130 585 2325 655 falsae.

636 702 770 768 Ista
811 697 1220 767 Prometheae
1256 696 1545 789 genitrix
1579 697 1709 765 fuit
1742 695 1949 765 altera
1990 711 2225 765 cretae:

639 807 865 879 Altera
899 833 1020 878 nos
1051 807 1243 875 enixa
1276 831 1550 900 parens,
1582 831 1718 900 quo
1752 821 2053 899 tempore
2085 829 2295 875 saevus
2612 833 2664 868 ε..

635 918 975 988 Tellurem
1016 931 1224 1010 ponto
1259 918 1487 985 mersit
1522 919 1909 1010 Neptunu3‚
1946 930 2013 984 et
2048 917 2254 985 imum

638 1029 1047 1100 Concutiens
1084 1027 1472 1096 barathrum
1512 1027 1777 1096 lethaeas
1814 1029 2050 1098 terruit
2090 1027 2323 1096 undas.

635 1145 939 1232 Tumque
981 1134 1184 1206 semel
1225 1139 1531 1231 Stygium
1566 1161 1785 1233 regem
1819 1137 2041 1205 videre
2080 1152 2471 1206 trementem

639 1255 949 1334 Tartara,
985 1271 1192 1340 quum
1239 1246 1452 1341 pelagi
1499 1262 1868 1342 streperent
1905 1247 2029 1316 sub
2070 1245 2366 1340 pondere
2406 1247 2660 1314 Manes.

613 1455 701 1524 57.
747 1452 871 1502 Dira
915 1463 1070 1518 negat
1107 1449 1158 1502 J.
1195 1449 1256 1503 B.
1289 1450 1350 1502 R.
1381 1450 1466 1504 Sa.
1492 1451 1565 1502 D.

1652 1453 1765 1523 ejus
1791 1451 1991 1504 viscera
2012 1449 2185 1522 ligone
2212 1449 2341 1502 velis
2366 1449 2567 1512 rimari,
2584 1449 2665 1502 vel
2726 1449 2733 1458 “

545 1545 696 1600 neget
720 1531 782 1581 L.
810 1533 946 1596 Nepe
967 1548 1021 1581 n.
1047 1527 1103 1579 P.
1129 1541 1182 1580 et
1207 1527 1302 1580 Gr.
1329 1543 1569 1597 tergoque
1652 1530 1894 1584 scrutari.
1931 1531 2066 1584 Nam
2104 1540 2243 1582 terra
2276 1547 2389 1582 non
2414 1527 2667 1592 vera,sed

541 1613 668 1664 emti
707 1610 774 1661 D.
796 1637 866 1647 —
891 1612 1140 1675 Tergaque
1187 1611 1320 1660 Croti
1351 1609 1568 1675 festinae

543 1690 740 1757 equino.
777 1685 950 1738 solem
993 1683 1196 1755 ingredi
1221 1685 1566 1755 Sagittarium

543 1767 700 1830 dicit,
721 1761 872 1837 quod
897 1763 960 1815 fit
985 1763 1118 1814 XIII
1142 1763 1253 1815 Cal.
1283 1764 1563 1817 Decembr.

541 1845 785 1916 Plerique
806 1842 952 1894 hunc
969 1859 1083 1894 esse
1101 1840 1418 1894 arbitrantur
1439 1841 1568 1895 Chi·

543 1941 730 1978 ronem
765 1921 1086 1975 Centaurum
1104 1957 1121 1985 ,
1143 1916 1235 1971 sed
1269 1918 1565 1973 Columella

541 2003 764 2058 Crotum
793 1999 1052 2053 nominat.
1093 1999 1269 2064 Quem
1294 1996 1567 2070 Hyginus,

545 2085 764 2135 Astron.
791 2079 849 2131 11
866 2117 883 2144 ‚
908 2095 998 2148 ²7,
1017 2089 1070 2130 et
1096 2077 1204 2131 fab.
1237 2083 1338 2140 ²²4
1357 2113 1374 2140 ,
1401 2076 1567 2130 refert

543 2161 716 2214 filium
743 2160 914 2212 Panos
940 2167 992 2209 et
1017 2156 1318 2227 Euphemes
1336 2191 1352 2219 ,
1385 2155 1566 2208 Musa·

545 2259 668 2294 rum
711 2236 964 2299 nutricis,
1007 2235 1194 2301 fuisse,
1237 2235 1567 2289 domicilium

549 2319 608 2373 in
659 2327 838 2372 monte
889 2314 1142 2368 Helicone
1191 2311 1435 2369 haBnisse
1450 2356 1466 2381 ,
1518 2327 1569 2369 et

549 2416 676 2451 cum
699 2394 867 2447 Musis
892 2393 1103 2447 solitum
1130 2392 1410 2459 delectari,
1437 2413 1570 2447 non-

547 2492 842 2545 numquam
879 2472 1036 2525 etiam
1064 2470 1246 2525 studio
1273 2472 1571 2525 venationis

547 2553 814 2608 exerceri:
855 2550 997 2605 unde
1040 2563 1094 2605 et
1137 2570 1296 2605 usum
1347 2552 1568 2625 sagittis,

548 2645 604 2686 et
621 2649 761 2704 equo
777 2628 1058 2685 insedisse:
1079 2629 1309 2702 denique
1327 2630 1571 2701 precihus

553 2714 828 2767 Musarum
865 2730 894 2763 a
935 2710 1068 2763 Jove
1107 2710 1245 2767 inter
1269 2721 1404 2763 astra
1437 2711 1571 2763 rela-

555 2806 689 2847 tum.
731 2794 984 2843 Crotonem
1021 2788 1256 2860 adpellat
1292 2788 1569 2859 Hyginus,

555 2872 666 2925 fab.
697 2876 829 2934 ²²42
860 2880 914 2923 et
939 2868 1243 2923 scholiastes
1267 2866 1571 2921 Germanici

555 2953 613 3005 in
631 2948 928 3021 Sagittario.
953 2950 1019 2999 In
1038 2947 1200 2999 verbo
1209 2948 1428 3015 festinae
1453 2966 1573 3000 con-

555 3032 728 3086 tinnat
749 3026 1044 3081 Columella
1062 3026 1350 3097 imaginem
1372 3025 1574 3098 fugien-

560 3110 628 3163 tis
671 3118 724 3161 et
766 3105 960 3178 trepidi
1005 3104 1184 3157 Phoebi
1207 3142 1224 3168 ,
1261 3106 1356 3176 qui
1391 3118 1575 3177 aptum

561 3184 906 3243 festinationis
941 3202 1050 3237 sua
1077 3183 1382 3237 vehiculum
1419 3184 1579 3238 habet

563 3268 618 3320 in
645 3279 794 3336 tergo
813 3263 1078 3336 Sagittarii
1101 3262 1316 3336 equino.

639 3346 724 3397 58.
735 3350 895 3395 Fessoe
909 3362 1008 3414 pro
1006 3345 1170 3411 falsa
1187 3342 1271 3395 vir
1290 3340 1430 3395 doct.
1445 3342 1500 3394 in
1517 3344 1577 3395 A.

563 3454 636 3468 --
657 3426 839 3475 Nescia
859 3426 994 3491 plebs
1029 3426 1251 3491 generis.
1291 3422 1576 3493 Postquam

565 3518 780 3573 tempus
793 3512 945 3553 terra
961 3498 1228 3553 versandoe
1247 3512 1298 3552 et
1315 3498 1579 3553 fodienda

566 3581 779 3655 poetico
795 3596 943 3631 more
967 3578 1230 3649 eleganter
1251 3579 1581 3633 circumscri-

569 3660 703 3734 psit,
731 3654 1062 3729 progreditur
1085 3656 1419 3728 adloquendo
1447 3656 1583 3729 agri-

569 3738 713 3793 colas
756 3736 859 3794 hoc
896 3733 1088 3789 modo:
1109 3736 1160 3789 Ο
1183 3736 1329 3807 plebs
1351 3737 1579 3798 rustica,

571 3815 812 3891 quamvis
839 3815 998 3885 vulgo
1024 3814 1234 3869 dicatur
1257 3827 1394 3870 terra
1415 3827 1583 3869 mater

569 3894 807 3950 omnium
841 3905 1076 3946 nostrum
1096 3934 1114 3959 ,
1151 3913 1256 3967 non
1286 3907 1360 3947 est
1383 3932 1398 3958 ,
1437 3893 1583 3966 quod

569 3976 707 4028 hanc
721 3974 791 4027 ob
807 3990 1046 4027 mussant
1067 3974 1114 4025 ei
1136 3992 1350 4045 parcere
1370 3976 1501 4027 velis
1520 3992 1583 4027 eo

568 4066 828 4124 tempore,
851 4050 996 4122 quod
1011 4056 1118 4126 jam
1137 4051 1410 4124 descripsi,
1422 4072 1501 4107 sc.
1516 4072 1583 4107 ne

1652 1610 1777 1662 falsa
1818 1621 1897 1664 est
1922 1618 2089 1662 mater
2130 1619 2370 1660 nostrum
2402 1607 2664 1660 omnium.

1652 1689 1926 1742 Rationem
1942 1685 2088 1740 audi.
2110 1687 2259 1740 Licet
2276 1687 2415 1739 enim
2437 1685 2670 1756 fingatur

1649 1765 1995 1820 Prometheus
2011 1765 2255 1818 homines
2270 1784 2300 1817 e
2318 1767 2430 1818 luto
2448 1763 2671 1828 finxisse,

1646 1858 1829 1899 tamen
1852 1864 1913 1898 ex
1936 1864 2001 1898 eo
2025 1845 2305 1898 hominum
2340 1861 2533 1916 genere
2572 1861 2670 1896 nos

1652 1943 1763 1978 non
1780 1923 2147 1978 descendimus
2164 1963 2181 1988 ,
2201 1924 2397 1996 quippe
2418 1921 2563 1994 quod
2584 1921 2671 1974 di·

1655 2004 1797 2056 luvio
1852 2001 2185 2056 Deucalionis
2246 2001 2403 2072 plane
2454 2001 2672 2054 interiit.

1653 2081 1763 2134 Nos
1775 2095 1953 2136 autem
1962 2081 2090 2134 facti
2108 2099 2289 2134 sumus
2300 2099 2413 2133 non
2424 2099 2494 2134 ex
2508 2093 2646 2134 terra
2658 2121 2675 2145 ,

1654 2159 1747 2214 sed
1774 2179 1835 2212 ex
1856 2159 2143 2231 lapidibus,
2160 2177 2296 2230 quos
2312 2158 2598 2212 Deucalion
2622 2171 2677 2212 et

1655 2239 1859 2312 Pyrrha
1879 2251 1998 2310 post
2018 2250 2160 2308 terga
2180 2240 2533 2310 projecerunt.
2554 2241 2677 2292 Non

1656 2331 1733 2372 est
1778 2336 1906 2389 ergo
1922 2358 1937 2383 ,
1981 2315 2127 2391 quod
2167 2329 2365 2371 metuat
2410 2316 2637 2389 agricola
2658 2359 2675 2381 ‚

1656 2416 1725 2450 ne
1746 2409 1941 2451 terram
1960 2408 2183 2449 matrem
2204 2416 2350 2449 suam
2378 2396 2535 2462 nimis
2556 2416 2679 2449 cru-

1656 2475 1844 2529 deliter
1872 2487 2073 2529 wactet.
2098 2474 2227 2528 Seu.

1730 2554 2113 2621 59.1’r0meelne1'
2136 2572 2169 2606 a
2192 2555 2253 2608 P.
2286 2555 2375 2608 Sa.
2413 2562 2679 2607 Pmmetea·

1656 2634 1711 2687 J.
1733 2634 1779 2688 J.
1798 2637 1862 2685 A.
1884 2633 1950 2687 G.
1969 2640 2246 2687 hvmetoeoe
2266 2637 2393 2707 Arg.
2416 2639 2585 2687 Cmtoe
2612 2640 2677 2689 D.

1654 2712 1779 2785 'Au-g.
1780 2718 2149 2767 -Promeeheoe
2184 2730 2361 2777 ereeoe,
2390 2714 2488 2767 luti
2516 2727 2681 2767 creta-

1658 2793 1775 2856 cei,
1796 2812 1824 2845 e
1868 2812 1977 2864 quo
2020 2793 2363 2847 Prometheus
2408 2794 2677 2847 hominem

1660 2871 1913 2924 formasse
1940 2870 2150 2925 dicitur.

1730 2952 1819 3003 60.
1835 2956 2008 3003 Altera
2026 2971 2133 3003 noa·
2144 2950 2231 3005 Sa.
2253 2958 2425 3004 Altera
2446 2956 2572 3005 ἐἶτα
2586 2974 2681 3022 pa·

1661 3050 1773 3082 rens
1796 3032 1947 3084 Dem.
1972 3050 2126 3082 saevos
2149 3033 2217 3083 D.

1734 3112 1825 3164 61.
1842 3111 2017 3161 Mer-sie
2041 3109 2186 3163 deest
2212 3110 2267 3163 in
2290 3112 2375 3164 Sa.

1734 3191 1801 3239 62
1844 3192 2085 3239 Laetlaeoeas
2124 3190 2269 3241 Jens.
2312 3192 2510 3241 Iaeelieas
2534 3189 2593 3239 L.
2624 3190 2679 3239 B.

1665 3269 1725 3319 R.
1754 3269 1814 3319 D.
1838 3272 2027 3321 letheas
2050 3266 2344 3319 H.—1mum
2392 3272 2681 3321 Concutiens

1662 3350 1958 3400 barathrum.
2006 3348 2239 3399 Bar-aelam·
2292 3346 2504 3399 nominc
2545 3366 2683 3400 non·

1664 3425 1797 3477 nulli
1834 3437 2001 3497 poetas
2036 3425 2343 3477 Graecorum
2384 3444 2533 3479 more
2558 3427 2686 3479 Tar·

1666 3514 1777 3555 tara
1811 3516 1863 3555 et
1904 3504 2112 3556 Inferos
2144 3502 2449 3573 designant,
2474 3518 2533 3556 ut
2556 3506 2683 3559 val.

1671 3582 1841 3637 Flacc.
1862 3584 1946 3645 11,
1980 3601 2074 3651 19²
2098 3600 2111 3636 ε
2146 3606 2167 3629 ι
2184 3582 2377 3636 inferni
2403 3584 2503 3636 sub
2526 3598 2686 3637 nocte

1671 3661 1959 3714 barathri».
2006 3661 2282 3715 Claudian.
2317 3662 2387 3715 de
2413 3664 2469 3715 R.
2500 3662 2585 3714 Pr.
2626 3667 2681 3727 Ι,

1673 3742 1770 3809 37:
1802 3741 1955 3792 -Jam
1978 3758 2326 3812 quacumque
2346 3742 2511 3795 latent
2535 3742 2687 3797 ferali

1668 3830 1897 3871 monstra
1926 3818 2174 3871 barathro
2194 3844 2235 3873 ιι.

1740 3900 1828 3951 63.
1876 3904 2105 3965 Tuncque
2140 3899 2175 3951 J
2178 3939 2190 3951 .
2232 3900 2287 3953 B.
2329 3900 2383 3952 R.
2432 3907 2691 3969 Quamque

1674 3976 1873 4029 Buclm.
1901 3981 2044 4028 simul
2064 3978 2112 4029 J.
2138 3979 2194 4031 B.
2219 3980 2275 4031 R.
2292 3994 2391 4029 etun
2411 4000 2525 4047 qua·
2537 3988 2694 4033 semel

1670 4059 1881 4123 Sgrge'um
1910 4056 2059 4109 Dem.
