2964 4690
560 354 697 425 322
1290 346 1936 416 PROOEMIUM

559 512 753 577 qnam
788 509 909 551 suo
944 485 1093 549 loco
1128 483 1445 548 dabimus.
1482 480 1822 569 AEnigma,
1853 479 1934 543 de
1967 502 2101 568 quo
2129 480 2346 569 paullo
2369 494 2520 543 ante
2551 481 2692 568 egi·-

560 620 745 675 mus,
779 592 1255 655 arithmeticum
1292 612 1425 651 non
1465 604 1595 651 tam
1633 587 1894 649 incertis
1927 586 2316 665 conjecturis
2345 602 2646 649 vexatum
2672 634 2691 667 ,

560 724 680 763 nec
718 716 846 763 tam
884 699 1055 761 varie
1085 696 1580 783 interpretatum
1617 692 1879 772 fuisset,
1915 692 1967 755 si
2015 692 2082 754 in
2127 691 2410 778 antiquis
2445 690 2694 755 codici-

560 808 683 869 bus
708 804 969 867 titnlum
1002 798 1369 889 adpositum
1396 798 1746 862 habuisset.
1781 796 1942 861 Nam
1973 798 2084 885 qui
2109 798 2178 860 in
2209 796 2438 861 Pithoei
2463 812 2528 862 et
2551 798 2695 861 aliis

556 910 831 999 vulgatis
860 924 993 973 est:
1026 908 1117 971 De
1137 904 1305 969 Vm
1333 903 1524 968 tollas
1565 901 1698 965 VII
1708 950 1728 982 ,
1763 916 1828 966 et
1862 915 2190 966 remanent
2219 902 2318 966 VI
2333 948 2354 981 ,
2391 925 2526 965 non
2565 904 2696 966 sol-

556 1019 650 1080 vit
680 1017 950 1104 aenigma
970 1062 987 1095 ,
1026 1012 1137 1077 sed
1170 1011 1421 1100 repetit.
1460 1013 1520 1074 A
1561 1010 1832 1073 librariis
1871 1009 2172 1073 lemmata
2212 1008 2504 1096 adposita
2551 1032 2695 1072 esse

560 1136 930 1209 nequeunt,
964 1118 1115 1206 quia
1157 1140 1278 1205 pro
1312 1118 1555 1180 incerta
1589 1132 1656 1179 et
1691 1114 1892 1178 dubia
1921 1115 2452 1203 interpretatione
2487 1115 2694 1178 lecto-

558 1250 707 1291 rum
746 1225 849 1290 vel
890 1223 1303 1288 librariorum
1323 1270 1342 1303 ,
1386 1237 1531 1285 tum
1585 1220 1791 1285 multo
1833 1221 2040 1301 major
2073 1235 2139 1283 et
2171 1222 2452 1308 gravior,
2495 1242 2692 1308 quam

552 1331 821 1420 quidem
874 1329 1188 1418 reperitur
1210 1376 1227 1409 ,
1285 1327 1652 1392 differentia
1699 1325 2036 1390 titulorum
2091 1326 2358 1413 reperiri
2406 1325 2692 1389 deberet.

556 1438 681 1501 Vix
709 1437 826 1501 tria
860 1450 1218 1524 quatuorve
1248 1432 1587 1520 aenigmata
1617 1431 1869 1518 reperio
1888 1479 1906 1510 ,
1945 1452 2090 1517 quae
2114 1430 2184 1494 in
2212 1430 2422 1495 tribus
2449 1432 2695 1519 pn‘ma-

558 1544 671 1606 riis
714 1540 1110 1606 editionibus
1154 1540 1270 1603 abs
1318 1560 1423 1603 me
1462 1538 1708 1601 collatis
1758 1536 2041 1602 diversas
2083 1537 2536 1625 inscriptiones
2575 1538 2696 1603 ha·

552 1649 773 1711 beant.
828 1650 1039 1734 Atque
1086 1646 1223 1709 haec
1271 1644 1604 1709 diversitas
1651 1643 1996 1707 nominum
2041 1664 2176 1707 non
2217 1660 2394 1707 tanta
2440 1660 2577 1726 est,
2618 1660 2696 1707 ut

558 1754 765 1841 ipsam
792 1774 927 1815 rem
959 1765 1172 1815 mutet
1194 1766 1259 1815 et
1282 1749 1599 1813 diversam
1628 1748 2225 1835 interpretationem
2255 1747 2546 1825 inducat,
2580 1750 2696 1815 sed

562 1857 793 1921 nititur
837 1854 1116 1943 quadam
1163 1854 1449 1941 ipsarum
1497 1874 1714 1915 rerum
1761 1850 2092 1915 adfinitate
2127 1868 2192 1915 et
2235 1852 2696 1935 similitudine,

563 1984 688 2047 qua
730 1960 923 2024 fiebat
940 2007 960 2041 ,
1006 1974 1081 2021 ut
1122 1957 1441 2020 lectorum
1486 1956 1588 2020 vel
1638 1955 2114 2045 descriptorum
2154 1957 2384 2046 aliquis
2427 1959 2553 2023 hoe
2593 1962 2700 2025 vel

560 2066 721 2131 illud
756 2064 1145 2130 vocabulum
1194 2062 1620 2150 exprimendo
1653 2063 1874 2126 sensui
1915 2062 2269 2152 aenigmatis
2309 2065 2521 2153 aptius
2555 2088 2698 2130 ere-

560 2170 779 2252 deret,
826 2193 1023 2257 quam
1053 2166 1239 2257 quod
1258 2168 1347 2231 ‚in
1390 2166 1614 2231 codice
1653 2190 1775 2231 suo
1818 2168 2178 2256 reperisset.
2223 2170 2330 2234 Sic
2361 2170 2541 2258 quod
2569 2194 2698 2235 nu-

556 2297 745 2339 mero
786 2274 1007 2337 XVIII
1048 2274 1455 2362 vulgatarum
1489 2270 1852 2337 editionum
1885 2272 2153 2337 Coc-Mea
2189 2274 2587 2358 inscribitur,
2626 2277 2694 2339 in

564 2380 845 2445 Perionii
872 2377 1095 2443 codice
1122 2378 1399 2442 Testudo
1422 2395 1554 2442 estz
1588 2399 1865 2442 numero
1891 2379 2136 2443 LXVII
2171 2380 2398 2444 titulus
2425 2399 2522 2446 est
2545 2383 2699 2470 Spe-

564 2485 789 2564 culnr,
826 2484 893 2547 in
938 2482 1227 2546 Perionii
1263 2481 1552 2546 editione
1596 2484 1883 2549 Vitrum:
1919 2507 2100 2548 num.
2145 2485 2392 2550 LXXII
2441 2488 2508 2550 in
2553 2490 2700 2553 vul-

564 2592 725 2680 gatis
756 2603 853 2654 est
888 2589 1069 2671 Uter,
1108 2589 1176 2652 in
1205 2589 1341 2652 aliis
1378 2587 1627 2652 Fotlis:
1659 2613 1936 2654 numero
1970 2590 2184 2655 XCIX
2221 2591 2379 2656 olla
2403 2593 2700 2660 scribunt

568 2695 1021 2762 recentissimae
1053 2693 1407 2776 editiones,
1440 2709 1508 2758 et
1539 2694 1803 2781 quidem
1835 2719 1872 2760 e
1899 2695 2122 2762 codice
2144 2713 2402 2762 vetusto
2419 2747 2440 2782 ,
2467 2699 2582 2764 sed
2609 2723 2703 2764 re·

568 2805 759 2892 liquae
810 2823 1037 2866 omnes
1088 2799 1370 2888 Lagena.
1425 2797 1799 2864 Similitudo
1841 2803 1944 2866 vel
1989 2800 2284 2869 adfinitas
2331 2827 2552 2870 rerum
2595 2807 2702 2871 his

570 2909 774 2975 titulis
815 2908 1211 2995 signatarum
1256 2921 1471 2994 aperta
1519 2920 1650 2990 est,
1695 2907 1784 2970 ita
1823 2923 1900 2970 ut
1939 2908 2206 2972 nomina
2247 2933 2468 2976 earum
2515 2912 2704 2978 facile

569 3013 923 3104 permutari
965 3011 1321 3099 potuerint.
1366 3010 1598 3099 Neque
1646 3011 1766 3074 alia
1799 3011 1962 3076 ratio
2001 3012 2234 3078 harum
2273 3019 2702 3082 variationum

573 3136 670 3184 est
688 3167 707 3202 ,
740 3141 935 3207 quam
985 3139 1129 3205 quae
1164 3132 1263 3181 est
1304 3117 1690 3180 variantium
1733 3118 1801 3180 in
1847 3133 2026 3182 textu
2067 3119 2397 3208 scriptoris
2431 3122 2702 3207 alicujus

571 3225 921 3288 lectionum
944 3269 961 3303 ,
1012 3243 1157 3310 quae
1206 3223 1498 3310 quamvis
1549 3222 1768 3287 multoe
1821 3225 2256 3312 reperiantur,
2307 3228 2444 3316 ipse
2489 3243 2704 3294 textus

566 3345 789 3392 tamen
823 3327 1103 3394 auctoris
1136 3349 1273 3392 esse
1310 3350 1445 3392 non
1485 3326 1840 3394 dubitatur.
1879 3329 2225 3418 Inscriptio
2265 3332 2399 3421 ipsa
2433 3333 2703 3398 lemma—

574 3450 716 3498 tum
734 3481 753 3516 ,
797 3435 950 3522 quia
988 3455 1123 3498 non
1157 3433 1277 3497 nisi
1318 3457 1395 3498 ex
1424 3433 1957 3522 interpretatione
1991 3435 2108 3500 diu
2139 3434 2442 3502 meditata
2471 3461 2704 3527 prove-

572 3539 715 3602 nire
747 3555 995 3627 potest,
1037 3553 1167 3603 tam
1206 3561 1479 3627 operosa
1515 3555 1646 3621 est,
1681 3557 1755 3604 ut
1781 3541 1906 3604 nisi
1935 3541 2074 3629 ipse
2103 3559 2334 3607 auctor
2363 3544 2701 3626 inscribat,

572 3643 679 3706 vix
722 3644 1078 3730 exspectari
1120 3667 1156 3708 a
1208 3644 1561 3710 lectoribus
1605 3646 1706 3709 vel
1754 3645 2028 3710 librariis
2075 3648 2298 3735 possit.
2343 3652 2558 3737 Atque
2595 3649 2704 3733 hi,

574 3764 828 3812 tantum
860 3748 1101 3830 abfuit,
1132 3765 1207 3813 ut
1234 3751 1644 3816 lemmatibus
1665 3749 2075 3840 adponendis
2102 3775 2362 3819 sensum
2395 3755 2703 3845 aenigma-

578 3869 718 3917 tum
756 3852 1076 3918 declarare
1122 3854 1494 3938 studerent,
1537 3869 1614 3921 ut
1652 3857 1868 3946 potius
1904 3856 2038 3946 ipsa
2073 3859 2409 3941 lemmata,
2447 3883 2596 3948 quae
2633 3862 2703 3926 in

576 3957 907 4024 codicibus
944 3957 1357 4026 inveniebant
1376 4010 1396 4042 ,
1432 3963 1780 4028 obscurare
1819 3979 2160 4030 tentarent.
2199 3965 2342 4030 Hoc
2381 3989 2450 4030 se
2487 3967 2558 4030 in
2597 3991 2706 4032 ve-

575 4081 712 4129 tere
758 4064 923 4129 libro
958 4065 1277 4156 Symposii
1318 4069 1640 4135 invenisse
1677 4085 1950 4136 testatur
1977 4071 2250 4136 Castalio
2269 4119 2288 4154 ,
2323 4073 2392 4136 in
2427 4071 2704 4138 adnota-
