2964 4690
520 354 655 426 352

1320 362 1849 436 SYMPOSII

612 476 871 549 Nuntia
914 501 1062 547 sum
1102 476 1377 575 linguas,
1414 482 1642 579 digitis
1675 489 1918 581 stipata
1949 491 2272 585 magistri.

516 675 727 733 mmite
756 676 943 749 qun-is
971 694 1138 731 avem.
1173 678 1240 731 Et
1274 697 1362 733 me
1387 679 1536 736 Pana

515 761 611 815 tibi
632 758 878 814 comitem
898 757 968 811 de
993 776 1128 831 rupe
1156 771 1346 815 vocato
1359 798 1376 826 ,
1412 762 1536 817 Sive

514 852 662 913 petas
699 838 901 892 calamo
932 838 1149 909 promia
1165 879 1183 905 ,
1199 840 1315 895 sive
1342 859 1474 895 cane
1491 869 1533 894 a.

516 923 721 973 Auctor
745 916 976 971 Octavian
996 954 1014 980 ,
1042 936 1118 971 vs.
1138 924 1241 983 410
1259 959 1277 985 ,
1302 920 1423 974 loco
1450 940 1538 975 ve·

516 1009 638 1053 xato
656 1035 672 1060 ,
696 1015 853 1069 quem
873 996 949 1050 sic
968 995 1241 1049 constituit
1258 997 1532 1053 Heinsius:

557 1116 572 1130 .
594 1115 609 1129 .
628 1116 642 1129 .
673 1074 822 1148 quod
853 1073 1004 1146 sequi
1022 1092 1183 1128 cursu
1204 1075 1342 1130 seras
1362 1077 1538 1131 Aude—

514 1166 597 1210 ret
656 1173 805 1209 acres
830 1191 849 1219 ,
902 1152 1152 1207 fluctibus
1193 1165 1361 1210 tectos
1400 1174 1538 1209 cavo

514 1234 828 1289 Exti-aberet
856 1233 1027 1306 pisces
1051 1244 1163 1286 rete
1188 1234 1271 1286 vel
1304 1235 1508 1289 calamo
1522 1273 1539 1301 ,

512 1326 605 1369 aut
638 1313 791 1368 brevi
826 1311 1096 1367 volucrem
1136 1325 1277 1367 crate
1295 1340 1338 1367 n.
1384 1314 1540 1369 Silius

513 1393 780 1459 Ital.V11,
806 1395 942 1463 676:
970 1391 1084 1444 «Ut
1110 1393 1205 1463 qui
1230 1392 1429 1447 viscata
1449 1412 1541 1465 po-

514 1473 730 1546 pulatur
754 1471 1015 1524 arundine
1051 1472 1200 1525 lucos
1221 1510 1239 1537 ,
1278 1474 1421 1526 Dum
1448 1492 1540 1527 ne·

512 1550 674 1604 moris
704 1548 832 1604 celsi
867 1568 1086 1621 procera
1115 1551 1392 1605 cacumina
1418 1570 1540 1605 seu·

514 1630 615 1683 sim
650 1629 958 1683 substructa
986 1641 1151 1682 certat
1189 1631 1378 1683 tacitus
1413 1648 1541 1685 con·

510 1710 719 1781 tingere
768 1720 912 1763 meta
927 1750 945 1775 ,
999 1708 1288 1764 Sublimem
1334 1711 1541 1765 calamo

511 1790 748 1861 sequitur
772 1798 1040 1841 crescente
1064 1789 1336 1843 volucrem
1347 1816 1393 1841 ι.
1412 1790 1540 1842 Cre-

511 1879 743 1922 scentem
772 1886 901 1920 vero
934 1867 1203 1920 calamum
1235 1887 1397 1939 quem
1429 1868 1537 1919 illic

508 1945 636 2001 dicit
657 1946 810 2001 Silius
826 1986 841 2012 ,
866 1955 1187 1998 crescentem
1212 1944 1536 1999 arundinem

512 2036 661 2079 vocat
690 2024 947 2079 Martialis
964 2060 981 2089 ,
1022 2024 1178 2091 XIV,
1204 2026 1372 2097 epigr.
1402 2028 1532 2089 216,

504 2106 657 2177 cujus
682 2103 961 2175 inscriptio
988 2114 1066 2155 est
1090 2103 1279 2155 calami
1305 2120 1536 2175 aucupa-

508 2185 668 2237 torii:
699 2210 725 2229 ιι
744 2184 867 2237 Non
912 2194 1123 2235 tantum
1164 2182 1406 2248 calamis,
1437 2182 1533 2235 sed

506 2274 667 2317 cantu
715 2260 910 2314 fallitur
949 2260 1061 2314 ales
1081 2298 1097 2326 ,
1139 2259 1348 2314 Callida
1397 2260 1532 2314 dum

506 2342 665 2396 tacita
710 2340 898 2396 crescit
939 2337 1148 2394 arundo
1193 2361 1353 2394 manu
1372 2368 1414 2394 ιι.
1462 2341 1532 2394 Et

503 2421 595 2474 lib.
616 2419 731 2485 lx,
771 2419 933 2492 epigr.
962 2419 1027 2482 54
1052 2438 1067 2471 :
1114 2445 1141 2465 οι
1162 2419 1230 2474 Et
1259 2433 1530 2474 crescente

502 2499 635 2554 levis
664 2498 963 2552 traheretur
989 2497 1253 2552 arundine
1274 2499 1457 2570 praeda
1478 2525 1526 2552 a.

499 2579 685 2634 Talem
741 2577 1062 2633 arundinem
1124 2578 1525 2650 aucupatoriam

467 2723 473 2730 ἱ
501 2660 801 2713 Vertumno
848 2657 1007 2711 etiam
1053 2656 1148 2710 dat
1194 2658 1526 2731 Propertius,

498 2741 605 2805 IV,
638 2758 689 2806 a,
724 2759 777 2794 v.
800 2737 867 2793 33
895 2759 909 2790 ε
940 2765 967 2785 ιι
986 2737 1238 2792 Cassibus
1268 2739 1528 2810 impositis

497 2837 680 2882 venor,
707 2816 803 2871 sed
836 2816 1098 2871 arundine
1137 2831 1353 2889 sumpta
1388 2817 1528 2872 Fau-

496 2915 599 2950 nus
636 2895 883 2969 plumoso
906 2914 1025 2950 sum
1062 2901 1206 2951 Deus
1238 2897 1523 2968 aucupio».

496 2976 708 3030 Petron.
740 2994 856 3048 cap.
894 2981 1000 3040 40:
1042 3001 1067 3022 α
1094 2975 1271 3028 Parati
1294 2994 1525 3048 aucupes

496 3073 622 3107 cum
644 3053 997 3108 arundinibus
1027 3053 1271 3107 fuerant»
1285 3073 1301 3118 ;
1330 3067 1383 3108 et
1401 3075 1522 3127 cap.

494 3152 621 3202 109:
649 3159 675 3180 α
698 3134 839 3187 Ecce
866 3151 963 3204 per
988 3145 1279 3187 antennam
1306 3135 1526 3206 pelagia

492 3212 838 3267 consederant
878 3211 1121 3267 volucres
1140 3251 1156 3275 ,
1197 3231 1332 3285 quas
1369 3213 1525 3267 tectis

486 3290 835 3345 arundinibus
857 3292 1055 3363 peritus
1076 3291 1269 3345 artifex
1295 3290 1520 3364 tetigitn.

488 3370 630 3424 Hine
656 3368 726 3422 ad
752 3371 1040 3442 aucupium
1071 3370 1388 3424 seminarum
1411 3389 1524 3426 non

486 3449 763 3502 invenuste
780 3450 1034 3503 transfert
1048 3449 1361 3505 Pistoclerus
1376 3452 1524 3524 apud

489 3526 735 3580 Plautum
757 3568 774 3593 ,
798 3527 1057 3582 Bacchid.
1074 3529 1138 3594 1,
1173 3549 1219 3596 1,
1260 3548 1323 3601 17
1349 3550 1362 3583 :
1394 3531 1519 3582 «vi-

489 3623 609 3660 scus
636 3621 815 3658 merus
852 3622 1024 3660 vestra
1062 3619 1139 3661 est
1178 3607 1510 3665 blanditia...

488 3683 619 3755 quia
669 3683 814 3737 enim
856 3683 1093 3756 intelligo
1111 3724 1127 3749 ,
1171 3687 1301 3741 Duo
1350 3707 1520 3741 unum

1625 687 1862 757 expetitis
1885 688 2221 760 palumbem:
2245 690 2411 761 perii:
2439 691 2648 747 arundo

1623 766 1730 819 alas
1795 768 1968 839 tetigit
1989 795 2036 822 a.
2099 768 2260 822 Plura
2317 768 2443 823 vide
2501 772 2648 844 apud

1621 845 1803 898 Burm.
1828 847 2044 900 Anthol.
2075 848 2195 901 Lat.
2225 860 2352 902 tom.
2381 850 2442 903 11
2464 888 2481 914 ,
2518 869 2646 924 pag.

1631 942 1654 977 1
1697 926 1748 977 8.
1779 926 1887 979 En.

1661 943 1746 1049 73.
1790 1000 1967 1068 Dz'gt'eis
2001 1001 2199 1069 signata
2238 1003 2480 1070 magistris
2507 1000 2648 1053 Pith.

1626 1074 1765 1128 Cast.
1784 1088 1838 1130 et
1862 1078 2004 1149 vulg.
2031 1082 2233 1148 signata
2250 1083 2479 1149 magistri
2497 1079 2557 1133 C.
2589 1090 2646 1132 et

1623 1152 1745 1207 Per.
1789 1154 2136 1211 Heumannus
2161 1158 2448 1212 emendans
2481 1156 2650 1211 edidit

1627 1236 1788 1303 digin's
1826 1237 2006 1304 stipata
2035 1239 2291 1299 ministris,
2337 1255 2446 1290 non
2472 1236 2644 1295 male.

1627 1331 1924 1385 provocans
1963 1313 2032 1368 ad
2061 1314 2218 1369 Ovid.
2245 1314 2407 1368 Trist.
2441 1316 2513 1378 V,
2559 1315 2647 1379 13,

1633 1411 1699 1461 ²9
1722 1412 1736 1446 :
1771 1395 1996 1463 Sicserae
2016 1414 2080 1446 ac
2095 1394 2285 1462 referat
2307 1398 2486 1445 cacitas
2510 1414 2648 1445 nunc

1631 1473 1772 1523 litera
1793 1492 1962 1535 voces,
1978 1478 2042 1524 Et
2049 1486 2302 1541 peragant
2309 1476 2497 1542 lingua
2505 1476 2648 1524 char*-

1628 1562 1683 1600 ta
1704 1568 1977 1618 manusque
1992 1554 2144 1611 vices,
2157 1562 2208 1603 et
2217 1549 2362 1622 apud
2380 1549 2650 1617 eumdem,

1628 1628 1733 1693 ΙΙΙ,
1760 1648 1811 1700 7,
1833 1632 2036 1695 adicer-a
2057 1633 2293 1681 sermonis
2318 1633 2545 1683 mintha-a
2559 1633 2642 1681 di-

1626 1710 1766 1758 citur.
1807 1706 1914 1759 Sed
1957 1708 2069 1761 vid.
2113 1721 2228 1761 not.
2267 1740 2338 1749 —
2356 1710 2541 1776 Digieis
2579 1712 2646 1761 si-

1621 1800 1788 1854 gnata
1815 1788 2080 1854 magistris.
2109 1787 2234 1839 Hoc
2254 1786 2412 1840 lectio
2426 1786 2644 1859 vulgata

1625 1874 1760 1916 esset
1791 1864 2092 1935 aptissima,
2123 1865 2170 1918 si
2204 1865 2272 1919 de
2293 1865 2440 1919 lita-a
2467 1884 2645 1919 sermo

1623 1953 1757 1995 esset
1772 1983 1787 2010 ,
1811 1961 1975 2014 quam
2003 1942 2154 2015 digiti
2172 1944 2381 2015 signant
2404 1944 2642 1998 scriben-

1623 2019 1693 2073 do
1722 2021 2022 2091 (Ausonius
2063 2022 2230 2095 Epist.
2252 2025 2326 2087 V,
2359 2024 2421 2077 15
2441 2064 2457 2089 ,
2489 2028 2644 2093 digiae

1622 2116 1796 2153 notare
1812 2101 1946 2156 dixit
1970 2122 2034 2155 ex
2049 2100 2419 2156 emendatione
2438 2103 2600 2157 Tollii
2621 2124 2638 2158 ε

1621 2181 1744 2232 «An
1770 2180 1899 2252 quia
1924 2198 2024 2252 per
2065 2182 2300 2235 tabulam
2339 2182 2506 2255 digito
2547 2202 2644 2256 pu·

1619 2270 1810 2331 goante
1829 2271 2062 2313 notatam
2085 2264 2180 2329 -);
2205 2279 2350 2314 nunc
2376 2280 2544 2334 quum
2571 2260 2642 2315 de

1619 2337 1913 2403 arundine,
1940 2357 2056 2412 qua
2095 2359 2206 2393 non
2249 2340 2507 2413 signatur,
2544 2340 2642 2396 sed

1617 2417 1830 2473 ducitur
1858 2430 1911 2473 et
1932 2417 2178 2492 dirigitur
2197 2439 2360 2474 manu
2375 2459 2392 2484 ,
2411 2423 2642 2493 proban·

1617 2496 1684 2550 da
1725 2497 1934 2552 videtur
1976 2497 2281 2553 Heumanni
2333 2502 2639 2573 conjectura

1603 2581 1796 2646 ‘stipata
1817 2617 1834 2642 ,
1861 2595 1962 2630 nec
2001 2590 2174 2632 tamen
2201 2599 2414 2634 necesse
2440 2592 2545 2648 est,
2579 2593 2640 2633 ut

1614 2659 1842 2709 minim-is
1895 2675 2156 2728 ponamus
2207 2677 2308 2731 pro
2361 2663 2638 2728 magistris,

1614 2754 1733 2808 qua
1774 2735 2017 2790 omnium
2065 2737 2327 2791 librorum
2375 2738 2636 2812 scriptura

1613 2827 1707 2869 est.
1747 2815 1988 2888 Magistri
2030 2817 2176 2870 enim
2209 2817 2486 2871 arundinis
2521 2818 2633 2872 dici

1611 2905 1831 2966 possunt
1846 2894 2028 2966 digiti,
2064 2894 2156 2967 qui
2182 2915 2300 2950 eam
2328 2895 2560 2966 dirigunt
2578 2899 2635 2950 iu

1611 2974 1775 3028 literis
1833 2972 2124 3038 ducendis,
2174 2976 2628 3047 quemadmodum

1613 3053 1860 3124 magister
1885 3053 2060 3120 navis,
2090 3053 2185 3125 qui
2214 3072 2333 3109 eam
2366 3057 2520 3128 regit.
2565 3057 2636 3112 Et

1613 3131 1828 3187 mollior
1853 3131 2155 3204 clariorque
2181 3132 2273 3186 fiet
2307 3136 2535 3188 auctoris
2552 3134 2634 3189 di-

1612 3211 1748 3274 ctio,
1774 3210 1817 3263 si
1835 3211 2153 3282 scripturam
2179 3231 2466 3284 sequamur
2488 3213 2634 3268 codi-

1613 3290 1746 3344 dicis
1773 3289 1834 3343 C.
1864 3300 1917 3342 et
1952 3289 2068 3344 Per.
2097 3294 2336 3358 magistri.
2373 3293 2634 3367 Magister

1611 3391 1739 3426 vero
1756 3371 1850 3425 hic
1866 3384 1944 3426 est
1971 3373 2240 3427 scribendi
2259 3374 2481 3439 artifex,
2503 3373 2630 3428 scri·

1609 3464 1750 3524 ptor.
1781 3452 1976 3506 Probat
2011 3453 2224 3506 Colum.
2247 3453 2343 3525 qui
2371 3451 2526 3505 Hort-
2555 3452 2630 3516 X,

1609 3549 1658 3586 v.
1687 3531 1819 3597 252,
1842 3529 1910 3583 de
1945 3531 2101 3585 litera
2125 3531 2279 3585 beta.
2319 3530 2632 3604 -Pangitur

1607 3609 1662 3662 in
1699 3627 1820 3664 cera
1855 3609 2003 3665 docti
2029 3630 2285 3665 mucrone
2315 3610 2610 3682 magistri·

1606 3687 1826 3743 Scribo'
1812 3690 1970 3762 igitur
1989 3693 2153 3760 digitis
2171 3693 2352 3760 seipm
2377 3693 2628 3758 magistri.

1170 3909 1952 3943 ψ.
