2964 4690
488 299 622 396 392

1277 310 1799 378 SYMPOSlI

1265 517 1416 582 Lv.·
1462 517 1737 584 ACUS
1764 513 1813 580 *.

571 694 863 777 Loucs,
907 692 1020 762 sed
1056 693 1278 781 exilui,
1318 698 1503 766 tenui
1544 696 1871 792 producta
1910 693 2214 782 meta110,

574 798 806 870 Mollia
842 800 1015 872 duco
1057 801 1184 872 levi
1222 807 1608 876 comitantia
1644 804 1908 875 vincula
1944 805 2160 890 ferro;

575 913 663 980 Et
695 911 929 982 faciem
967 914 1168 1002 laesis‚
1206 931 1271 985 et
1307 941 1551 985 nexum
1588 915 1796 985 reddo
1836 913 2088 985 solutis.

556 1095 582 1123 ¹*
611 1100 774 1149 Aetola
795 1096 861 1150 C.
883 1065 1088 1151 Adouli
1108 1099 1223 1152 Per.

1584 1100 1828 1154 beantur.
1850 1099 1940 1153 Sic
1966 1101 2148 1154 funem
2174 1109 2447 1154 extensum
2471 1115 2601 1168 smp-

561 1194 583 1228 ι
598 1215 611 1228 .
653 1179 804 1228 Tenui
850 1181 1094 1246 producta
1132 1183 1354 1243 metallo,
1393 1197 1497 1232 ere
1576 1197 1677 1247 pea
1713 1182 1918 1231 vincula
1954 1178 2088 1234 dicit
2126 1179 2303 1251 Epigr.
2350 1197 2449 1249 ¹79
2477 1178 2605 1232 libri

485 1255 573 1308 vel
599 1255 755 1308 ferro.
768 1256 928 1310 ovid.
947 1257 1084 1310 Fast.
1099 1258 1176 1323 11,
1205 1259 1328 1329 577,
1350 1277 1498 1310 acum

485 1337 698 1386 ahenam
718 1333 860 1388 dicit.
875 1367 946 1377 —
963 1341 1228 1403 Pmducta5
1251 1337 1290 1389 i.
1319 1354 1368 1390 c.
1382 1356 1501 1409 pro-

486 1413 720 1484 longata.
745 1413 835 1468 Sic
860 1417 1168 1469 Lactantius
1192 1434 1257 1469 ex
1277 1416 1497 1484 Plauto,

483 1494 582 1550 lib.
619 1497 732 1560 VI,
773 1516 859 1562 ιι,
893 1499 974 1550 8:
1023 1522 1046 1544 ι
1071 1497 1149 1551 illi
1172 1497 1500 1570 (mendico)

425 1633 428 1638 ,
482 1574 731 1646 producit
755 1577 918 1631 vitam
943 1575 1012 1630 ad
1036 1576 1298 1631 miseriam
1315 1603 1338 1624 ι
1355 1617 1369 1630 .
1395 1579 1501 1630 La-

480 1665 642 1709 ctant.
656 1655 803 1729 Opif.
823 1675 872 1724 c,
897 1656 946 1722 5,
969 1674 992 1709 1
1010 1675 1024 1709 :
1039 1657 1321 1729 «produxit
1336 1675 1495 1710 mem-

413 1731 420 1739 ’
480 1735 577 1787 bra
597 1733 840 1806 quodam
852 1735 1060 1807 longius
1083 1751 1127 1788 ι’.
1139 1735 1341 1809 Lepide
1355 1737 1500 1789 Mar-

479 1813 635 1881 tialis,
647 1815 742 1880 IX,
753 1821 840 1884 74,
853 1815 908 1866 in
919 1827 1148 1869 sutorem
1167 1835 1180 1868 :
1200 1841 1226 1861 α
1240 1815 1497 1870 Dentibus

485 1893 731 1965 antiquas
751 1894 937 1948 solitus
965 1893 1259 1966 producere
1283 1896 1497 1968 pelles».

485 1971 626 2024 Bou.
649 1972 806 2025 Plura
841 1973 956 2026 loca
986 1974 1274 2027 cumulavit
1306 1975 1500 2026 Heum.

485 2062 545 2102 et
569 2068 696 2104 usus
725 2053 771 2105 is
796 2052 946 2104 verbi
966 2055 1240 2125 producere
1271 2051 1501 2124 vulgaris

486 2140 594 2193 cst,
615 2129 862 2204 frequens
897 2131 1139 2203 inprimis
1176 2131 1380 2185 Avieno
1397 2172 1414 2196 ,
1441 2144 1502 2185 ut

479 2207 656 2263 Index
681 2222 860 2262 noster
883 2211 1215 2264 monstrabit.

553 2307 600 2340 ι.
625 2291 802 2342 Mollia
827 2293 954 2341 duco
970 2327 987 2355 ,
1003 2287 1061 2342 id
1087 2289 1346 2358 est,duco
1370 2289 1499 2343 mol-

475 2366 552 2420 lia
585 2367 672 2421 fila
693 2406 708 2430 ,
749 2388 868 2441 qua
891 2369 1217 2423 comitantur
1244 2370 1358 2423 leve
1390 2372 1497 2423 fer·

477 2464 631 2513 rum,
648 2446 706 2499 id
735 2460 832 2508 est,
859 2464 1036 2501 acum.
1063 2451 1220 2501 mum
1255 2450 1500 2517 conjicere

479 2526 530 2577 in
571 2546 716 2580 acum
773 2539 928 2581 vocat
969 2527 1153 2581 Celsus
1177 2544 1182 2549 ·
1213 2528 1304 2581 lib.
1361 2528 1499 2596 vn,

479 2623 598 2677 cap.
630 2608 724 2670 16,
767 2606 848 2660 15.
875 2609 984 2660 Fila
1022 2618 1198 2659 autem
1240 2619 1500 2660 vocantur

478 2687 708 2748 uincula,
734 2685 859 2757 qnia
884 2696 1010 2756 apta
1048 2697 1173 2738 sunt
1199 2682 1270 2738 ad
1297 2683 1499 2759 aliquid

479 2762 823 2817 vinciendum
894 2776 947 2816 ct
1007 2762 1497 2835 constringendum.

482 2842 877 2897 Haut—Acie
895 2846 1073 2904 mollis,
1088 2862 1189 2895 non
1209 2846 1352 2895 nimis
1371 2858 1499 2895 torta

482 2920 679 2975 dicitnr
699 2942 732 2977 a
753 2923 914 2977 Corn.
933 2923 1105 2993 Celso,
1118 2922 1209 2976 lib.
1239 2925 1314 2989 V,
1341 2942 1387 2977 c.
1409 2926 1495 2977 26.

483 3019 539 3055 n.
575 3003 671 3063 26,
711 3002 804 3073 qni
845 3002 1022 3067 locus,
1061 3002 1219 3056 etiam
1255 3021 1288 3055 a
1320 3001 1496 3056 Bune-

483 3096 682 3133 manno
704 3080 976 3147 laudatus,
1009 3080 1164 3150 plura
1185 3080 1349 3133 habet
1379 3099 1496 3134 ver-

483 3176 600 3211 snm
621 3157 771 3212 hunc
799 3158 1109 3213 illustrantia
1123 3200 1139 3225 ‚
1177 3170 1230 3213 et
1252 3171 1394 3213 totus
1423 3159 1496 3212 le-

475 3235 682 3305 g-dus
696 3248 790 3292 est.
814 3242 1022 3291 Vincula
1035 3235 1290 3291 dicuntur
1298 3238 1494 3303 omnis,

478 3314 672 3385 quihus
697 3316 826 3388 quid
863 3316 1052 3371 vinciri
1071 3328 1268 3388 potest,
1291 3316 1494 3371 etiamsi

473 3392 584 3470 jam
627 3410 735 3446 non
795 3394 1062 3449 vinciendi
1107 3414 1292 3449 caussa
1341 3394 1489 3449 adhi-

1585 1258 1674 1310 111
1698 1258 1911 1311 Anthol.
1938 1258 2120 1312 Burm.
2140 1289 2211 1298 —
2245 1261 2380 1310 For-ri
2409 1258 2473 1310 A.
2507 1255 2603 1311 sed

1586 1337 1755 1408 glossa
1777 1335 2057 1410 adscripsit
2065 1340 2226 1406 firm.
2252 1368 2324 1377 —
2344 1341 2481 1389 Duco
2506 1340 2607 1390 levi

1586 1419 1871 1468 comitantia
1902 1419 2105 1470 vincula
2138 1418 2301 1486 [οπο.
2339 1416 2424 1468 Ita
2445 1415 2604 1487 plane

1586 1495 1749 1550 Ovid.
1765 1495 1895 1548 Met.
1914 1495 2069 1564 XIV,
2086 1495 2217 1549 265:
2244 1521 2270 1541 κ
2288 1513 2389 1548 nec
2405 1493 2497 1549 fila
2518 1513 2605 1548 se·

1585 1575 1803 1646 quentia
1829 1573 2032 1637 ducunt
2046 1603 2091 1630 υ.
2110 1575 2246 1629 Sane
2267 1574 2553 1642 comitur-ih.
2567 1575 2604 1627 1.

1585 1654 1725 1707 idem
1760 1666 1836 1707 est
1864 1672 1928 1706 ac
1953 1655 2119 1726 seq-ni.
2150 1655 2495 1709 Heumannns
2515 1675 2604 1706 eo-

1586 1736 1811 1786 mitantia
1832 1735 2090 1788 construit
2121 1752 2244 1787 cum
2256 1735 2425 1804 jen-o,
2454 1734 2606 1807 qnod

1587 1817 1786 1867 comitor
1806 1814 1967 1867 etiam
1994 1814 2212 1868 tertium
2238 1831 2420 1867 casum
2438 1813 2606 1868 comi-

1584 1906 1743 1948 tetur.
1769 1894 1884 1964 Ego
1901 1913 2029 1948 vero
2046 1894 2183 1947 malo
2204 1895 2403 1947 referre
2427 1891 2495 1946 ad
2512 1898 2604 1945 du-

1586 1993 1665 2040 co,
1684 1971 1954 2045 quomodo
1974 1973 2035 2026 fit
2051 1975 2109 2026 in
2128 1974 2249 2027 loco
2264 1971 2459 2027 Ovidii.
2480 1975 2605 2026 Duo

1586 2052 1818 2125 epitheta
1850 2044 1998 2105 haud
2031 2072 2155 2106 raro
2190 2055 2606 2124 conjunguntur,

1583 2130 1875 2204 presertim
1923 2131 1966 2184 si
2011 2131 2233 2185 alterum
2286 2130 2353 2183 sit
2394 2129 2607 2202 partici-

1583 2229 1755 2282 pium.

1656 2290 1709 2343 3.
1731 2293 2000 2359 chaciam
2024 2295 2118 2344 levi
2132 2331 2148 2359 ,
2186 2292 2279 2343 sed
2292 2288 2356 2342 C.
2390 2291 2484 2340 sed
2510 2308 2599 2340 ne·

1582 2389 1703 2421 xum
1728 2371 1794 2422 D.
1810 2383 1863 2423 et
1889 2370 2011 2425 Per.
2035 2402 2107 2412 -—
2129 2372 2385 2439 cha-iem
2407 2371 2602 2421 Iaesis...

1584 2452 1753 2516 reddo,
1764 2450 1819 2503 h.
1840 2467 1886 2502 e.
1897 2450 2029 2515 Quae
2046 2450 2165 2502 laesa
2182 2460 2305 2501 sunt
2320 2485 2339 2511 ,
2352 2446 2601 2511 laceram,

1582 2528 1867 2593 deformia,
1920 2529 2150 2583 resarcio
2194 2539 2247 2580 et
2286 2526 2506 2579 restituo
2542 2526 2603 2579 in

1583 2600 1809 2659 formam
1840 2607 2135 2679 pristinam.
2170 2605 2515 2657 Heumannus
2539 2623 2597 2658 a

1583 2687 1744 2738 verba
1782 2686 1990 2759 accepit
2034 2684 2105 2739 de
2142 2686 2469 2757 glaucomate
2516 2684 2601 2736 vel

1582 2763 1880 2819 suffusione
1903 2765 2178 2818 oculorum
2197 2804 2213 2830 ,
2236 2763 2324 2817 cui
2347 2760 2599 2819 tollenda

1582 2861 1707 2895 aens
1736 2841 2039 2911 adhibetur,
2066 2842 2315 2915 idemque
2328 2840 2600 2914 amplecti-

1582 2932 1671 2975 tur
1694 2922 1917 2976 Bunem.
1950 2921 2095 2996 quod
2131 2922 2254 2976 satis
2277 2919 2459 2973 mirari
2486 2939 2600 2974 non

1583 3020 1819 3073 possum.
1840 3001 1974 3067 Quis
1994 3002 2135 3055 enim
2154 3018 2393 3074 unquam
2403 3002 2601 3069 sacia»

1582 3099 1681 3152 pro
1708 3082 1823 3134 visu
1843 3078 2002 3149 dixit,
2020 3092 2079 3133 nt
2088 3082 2283 3151 faciem
2302 3084 2507 3133 reddere
2530 3080 2602 3134 sit

1583 3158 1751 3213 visum
1777 3158 2091 3214 restituere?
2124 3158 2239 3213 Hoc
2266 3159 2311 3212 si
2345 3159 2599 3213 voluisset

1580 3252 1786 3306 auctor,
1800 3238 2097 3311 scripturus
2118 3236 2263 3292 haud
2280 3236 2440 3291 dubie
2468 3238 2599 3291 fuis·

1580 3332 1662 3373 set
1684 3324 1847 3387 Atque
1864 3322 2017 3370 aciem
2042 3322 2174 3371 loesis
2200 3318 2286 3372 vel
2299 3320 2462 3381 cacis,
2490 3335 2601 3373 am·

1578 3398 1836 3469 bignitate
1860 3399 2003 3453 vocis
2022 3400 2153 3452 acies
2180 3416 2289 3452 non
2310 3396 2531 3457 insulsa,

993 3648 2033 3685 ·—-—-—--—-ooo-——————
