2964 4690
476 327 572 418 94

1253 325 1831 394 PALLADIUS

669 445 860 532 Quos
895 467 1133 512 manus
1167 442 1308 514 haec
1341 445 1637 539 scripsit,
1680 459 1871 539 parte
1910 443 2141 515 silente
2176 445 2456 540 pedum,

569 557 708 626 Nec
745 553 1008 622 strictos
1043 553 1336 622 numeris
1357 607 1378 639 ‚
1419 578 1542 623 nec
1574 555 1901 650 Apollinis
1937 580 2133 625 amne
2168 557 2483 643 fluentes,
2578 577 2601 615 ⁵

669 663 801 743 Sed
836 687 1004 759 pura
1037 677 1296 733 tantum
1334 665 1703 734 rusticitate
1738 664 1937 736 rudes
1958 719 1979 754 ,

574 772 1054 860 Commendas,
1095 772 1420 867 dignaris,
1461 798 1672 859 amas,
1706 789 1774 843 et
1810 777 2057 845 rustica
2090 775 2269 846 dicta

667 883 956 956 Adfectu
993 883 1152 952 socii
1191 881 1588 953 sollicitante
1622 883 1804 954 colis.

569 997 772 1066 Nunc
807 993 958 1064 idco
995 994 1332 1063 modicum
1383 1018 1684 1064 crescens
1727 991 1973 1066 fiducia
2008 1021 2275 1065 carmen

669 1101 968 1183 Obtulit..
1006 1102 1284 1172 arbitrio
1314 1101 1712 1175 laetificanda
1750 1119 1895 1174 tuo.

571 1219 692 1285 Est
727 1227 970 1282 nostrae
1010 1211 1304 1282 studium
1347 1238 1487 1282 non
1525 1207 2031 1286 condemnabilc
2066 1240 2302 1304 musae,

667 1322 1020 1413 Urbanum
1062 1321 1186 1391 fari
1231 1322 1618 1393 rusticitatis
1654 1350 1869 1420 opus:

476 1505 610 1563 lare,
623 1500 825 1549 libellos.
852 1495 995 1548 Dicit
1008 1531 1024 1558 ,
1037 1513 1096 1549 se
1115 1494 1381 1564 Pasiphilo
1403 1515 1497 1550 an-

477 1591 528 1632 te
571 1577 706 1629 XIV
733 1575 898 1627 libros
943 1573 1012 1627 de
1060 1593 1120 1628 re
1162 1575 1362 1628 rustica
1395 1576 1495 1628 mi-

476 1657 604 1712 sisse
622 1693 639 1718 ‚
682 1653 909 1724 benigne
963 1651 1032 1705 ab
1085 1670 1151 1705 eo
1209 1667 1458 1726 exceptos
1473 1694 1490 1716 ‚

476 1754 634 1809 prosa
680 1733 918 1786 oratione
960 1731 1185 1803 scriptos
1202 1771 1218 1796 ,
1257 1751 1402 1786 nunc
1438 1751 1496 1786 se

479 1819 592 1889 ejus
619 1814 803 1867 favore
827 1824 880 1865 et
911 1811 1274 1865 benevolentia
1303 1811 1496 1865 excita-

476 1908 590 1948 tum
611 1891 840 1964 amplius
859 1891 1066 1944 mittere
1083 1906 1294 1942 carmen
1321 1888 1389 1942 de
1408 1889 1495 1941 in·

477 1975 699 2037 sitione,
735 1969 882 2042 quod
919 1969 1060 2022 libro
1094 1967 1223 2020 xlv
1260 1967 1497 2039 ejusdem

479 2053 774 2128 argumenti
791 2052 944 2126 quasi
977 2051 1227 2122 ἐπίμετρον
1258 2049 1497 2104 accedat.

479 2137 634 2188 Hunc
663 2134 858 2186 librum
896 2131 1032 2184 XIV
1063 2149 1215 2202 prosa
1239 2129 1497 2200 scriptum

481 2213 836 2273 intercidisse,
862 2222 955 2264 aut
973 2210 1274 2280 neglectum
1295 2221 1498 2279 postea,

479 2305 759 2367 putamus,
779 2309 944 2363 quum
987 2293 1098 2362 ejus
1134 2290 1253 2342 loco
1283 2307 1500 2342 carmen

483 2372 824 2427 successisset.
847 2371 967 2436 Qua
995 2369 1198 2422 ratione
1231 2367 1501 2423 Palladius

482 2452 694 2507 videtur
714 2448 1064 2503 Columellam
1087 2447 1284 2501 imitari
1307 2448 1493 2501 voluis·

483 2553 560 2597 se,
579 2531 672 2605 qui
681 2546 844 2602 quum
857 2528 1208 2583 suasuSilvini
1227 2528 1501 2581 materiam

483 2612 550 2666 de
585 2610 734 2665 cultu
770 2607 1006 2661 hortensi
1045 2607 1281 2661 carmine
1338 2625 1499 2678 expo-

483 2691 699 2755 suisset,
739 2706 848 2740 non
883 2686 1058 2739 minus
1095 2686 1364 2753 eamdem,
1398 2687 1502 2740 rite

483 2767 831 2827 continuandi
869 2766 1044 2839 operis
1077 2785 1262 2820 caussa
1280 2807 1297 2833 ,
1317 2784 1384 2819 ex
1407 2786 1500 2820 vo-

485 2854 686 2905 luntate
712 2846 922 2901 Claudii
948 2846 1246 2917 Augustalis
1267 2886 1282 2913 ,
1331 2846 1501 2898 soluta

485 2930 724 2983 oratione
747 2937 1068 2997 exsequutus
1094 2937 1174 2977 est
1189 2926 1325 2977 libro
1345 2925 1448 2976 xl.

551 3015 599 3072 4.
613 3014 754 3058 Parte
761 3006 1132 3073 silentepedum.
1144 3004 1370 3073 Elegans
1382 3006 1503 3075 (pro

481 3088 622 3140 illius
647 3098 786 3138 certe
813 3084 974 3137 atatis
993 3096 1148 3155 gustu
1169 3084 1500 3156 „equivoca-

487 3168 561 3221 tio
587 3184 600 3217 :
625 3166 818 3217 Manus
831 3181 961 3216 mete
983 3164 1081 3215 hos
1103 3162 1264 3215 libros
1285 3162 1501 3234 scripse·

487 3258 643 3305 ruunt,
675 3254 823 3313 parte
852 3241 1046 3314 pedum
1070 3241 1283 3307 silente,
1305 3240 1358 3293 id
1389 3254 1500 3306 est,

486 3321 806 3378 cessantibus
823 3322 906 3373 vel
925 3320 1231 3374 absentibus
1245 3320 1470 3392 pedibus
1482 3359 1499 3380 ,

490 3422 578 3456 seu
597 3400 752 3471 ligata
767 3398 1023 3461 oratione,
1046 3398 1190 3471 quod
1211 3417 1276 3452 ex
1287 3418 1503 3470 sequen-

490 3484 632 3536 tibus
657 3476 894 3531 distichis
913 3477 1144 3549 adparet.
1161 3480 1290 3533 Son.

563 3564 613 3612 6.
634 3565 760 3610 Pura
775 3572 960 3609 tannem
975 3560 1262 3623 rusticitate,
1276 3556 1505 3629 simplici

494 3652 546 3693 et
563 3641 832 3709 incompta
845 3676 862 3703 ,
884 3648 934 3690 et
959 3637 1119 3689 rebus
1133 3638 1342 3691 rusticis
1355 3649 1505 3709 apta,

493 3718 748 3773 oratione.
803 3716 892 3769 Sic
933 3716 1183 3785 Calpurn.
1212 3718 1288 3769 lV
1310 3755 1328 3779 ,
1381 3724 1445 3781 14
1488 3736 1503 3770 z

499 3824 524 3846 α
549 3798 686 3849 Dum
711 3812 828 3847 mea
853 3793 1117 3848 rusticitas
1132 3834 1147 3859 ,
1167 3793 1210 3845 si
1234 3814 1340 3847 non
1367 3796 1511 3849 valet

491 3889 604 3930 arte
629 3874 788 3948 polita
811 3872 1074 3926 Carminis
1092 3910 1108 3934 ‚
1128 3884 1228 3925 etc.
1250 3898 1275 3919 ι.

565 3957 616 4009 8.
641 3955 852 4023 Affecm
873 3954 995 4003 socii
1012 3954 1318 4003 sollicitante.
1340 3953 1506 4005 Prout

383 4044 392 4051 '
489 4048 542 4088 te
575 4032 814 4087 adfectus
853 4042 904 4084 et
939 4050 1090 4085 amor
1123 4030 1320 4083 sodalis
1341 4034 1501 4103 (erga

1584 1517 1700 1565 mc,
1720 1500 1926 1554 socium
1948 1503 2121 1569 tuum)
2136 1498 2377 1554 sollicitat
2389 1511 2439 1554 et
2459 1518 2605 1554 com·

1586 1589 1782 1632 movet.

1663 1675 1742 1710 ιο.
1768 1658 1979 1709 Arbitrio
2020 1659 2325 1730 laetificanda
2349 1672 2462 1724 tuo,
2485 1675 2606 1730 qua

1584 1727 1781 1788 fiducia
1810 1735 2034 1789 adsensu
2060 1735 2368 1808 judicioque
2394 1749 2488 1790 tuo
2507 1737 2599 1791 lne-

1583 1817 1691 1867 tior
1713 1815 2007 1888 fortiorque
2031 1817 2129 1870 erit
2146 1857 2161 1884 ,
2190 1818 2235 1870 si
2255 1817 2381 1870 boni
2410 1836 2599 1871 consu-

1583 1894 1681 1948 las.

1662 1995 1682 2026 x
1698 1989 1741 2028 t.
1778 1978 1977 2027 Nostroe
2000 1977 2212 2028 studebam
2243 1996 2342 2028 non
2370 1982 2605 2030 condem·

1583 2055 1747 2104 nobile
1774 2072 1947 2107 mtaesoe.
1976 2053 2175 2108 Eadem
2212 2054 2322 2108 fere
2352 2057 2604 2110 sententia

1584 2131 1723 2185 infra
1757 2151 1881 2185 mox
1921 2133 2146 2187 recurrit
2182 2153 2259 2186 vs.
2296 2152 2397 2205 ²7²
2439 2159 2462 2182 ι
2486 2135 2605 2187 Non

1584 2227 1743 2282 segne
1782 2211 2020 2264 officium
2082 2225 2273 2266 nostras
2324 2231 2445 2266 reor
2494 2231 2608 2267 esse

1586 2307 1819 2344 camenae
1834 2315 1875 2341 a.
1896 2291 2000 2344 En.

1663 2389 1683 2422 1
1696 2390 1745 2422 a.
1778 2372 2024 2422 Urbanum
2054 2373 2333 2423 rusticitatis
2362 2392 2482 2440 opus
2516 2372 2609 2428 ad-

1586 2448 1750 2522 pellat
1767 2485 1783 2513 ,
1799 2448 1943 2519 quod
1961 2448 2178 2522 quidem
2196 2468 2281 2503 res
2298 2450 2367 2503 ad
2388 2470 2479 2503 rus
2493 2471 2612 2523 per-

1588 2528 1840 2595 tinentes,
1868 2528 1965 2582 sed
1993 2528 2203 2581 easdem
2234 2540 2345 2581 arte
2367 2542 2420 2583 et
2441 2530 2607 2585 indu·
2706 2564 2713 2573 ·

1585 2607 1713 2660 stria
1724 2608 2053 2661 urbanorum
2068 2608 2344 2661 hominum
2354 2610 2611 2675 excultas,

1588 2696 1789 2739 exercet
1821 2704 1835 2739 ε
1876 2688 2035 2758 quale
2061 2688 2297 2758 inprimis
2334 2699 2432 2755 est,
2474 2688 2608 2740 insi·

1586 2766 1743 2818 tionis
1768 2784 1926 2837 opus;
1968 2764 2111 2818 unde
2146 2766 2359 2819 arbores
2390 2770 2611 2819 urbanas

1590 2844 1859 2917 adpellant
1882 2845 2224 2911 domesticas,
2254 2846 2465 2913 satiras,
2486 2847 2613 2899 insi·

1587 2937 1700 2989 tas,
1727 2923 1797 2977 ad
1828 2925 2063 2977 fructum
2088 2938 2143 2978 ct
2168 2944 2323 2978 usum
2352 2926 2605 2981 excultas.

1586 3003 1821 3068 Plinius,
1846 3003 1983 3055 Hist.
2031 3003 2153 3055 Nat.
2195 3002 2361 3067 xv1,
2409 3022 2455 3057 c.
2508 3023 2573 3072 19
2592 3044 2611 3069 ‚

1586 3101 1631 3134 s.
1648 3082 1735 3134 32:
1752 3108 1775 3129 ·
1794 3083 1927 3136 Sunt
1954 3081 2167 3135 arbores
2190 3082 2434 3155 quodam
2454 3084 2615 3137 urba·

1585 3160 1837 3214 niores...
1876 3160 1971 3213 11ae
2022 3160 2206 3227 mites,
2236 3180 2354 3234 quoe
2398 3162 2615 3232 fructu,

1588 3252 1680 3293 aut
1698 3240 1874 3311 aliqua
1903 3239 2057 3302 dote,
2086 3241 2499 3311 umbrarumque
2534 3244 2615 3295 of·

1588 3320 1709 3372 ficio
1727 3318 2017 3371 humanius
2034 3324 2350 3393 juvant,non
2370 3322 2613 3393 improbe

1588 3398 1834 3453 dicantur
1860 3400 2077 3452 urbanas
2092 3426 2132 3453 a.
2154 3399 2408 3453 Similiter
2430 3400 2485 3452 in
2501 3401 2613 3453 An-

1588 3478 1719 3531 thol.
1738 3480 1918 3531 Burm.
1939 3480 2030 3532 lib.
2052 3481 2135 3532 111
2151 3520 2168 3545 ‚
2198 3498 2283 3551 ep.
2314 3482 2408 3545 48,
2426 3480 2613 3535 balnea

1589 3559 1645 3611 in
1673 3578 1804 3630 agro
1841 3571 2108 3613 exstructa
2145 3562 2321 3611 urbani
2349 3564 2489 3611 lacus
2518 3580 2614 3614 vo·

1594 3650 1801 3700 cantur,
1832 3638 1955 3710 quia
1975 3639 2261 3692 humanius
2280 3650 2333 3691 ct
2358 3638 2617 3692 urbanius

1594 3717 1831 3773 officium
1860 3729 2137 3790 praistant,
2180 3716 2617 3770 commoditatem

1596 3808 1647 3851 et
1692 3797 1911 3851 salutem
1947 3816 1962 3849 ε
2016 3795 2281 3849 «Parvula
2336 3796 2617 3849 succinctis

1596 3875 1815 3929 ornavit.
1824 3876 2013 3947 jugera
2048 3876 2215 3939 Baiis,
2241 3874 2485 3927 Urbanos
2510 3875 2617 3927 cal·

1594 3955 1709 4006 lens
1733 3952 1949 4008 sundere
1972 3956 2077 4005 vita
2105 3954 2249 4006 lacus
2270 3970 2324 4004 »z
2346 3950 2616 4023 quomodo

1596 4032 1790 4087 scilicet
1814 4032 2058 4086 emendat
2086 4033 2437 4085 Burmannus.
