2964 4690
502 421 637 495 552

497 767 584 833 Et
620 764 771 834 Rho
809 764 995 859 quod
1031 769 1374 853 Graecum,
1404 767 1777 836 mutabitur
1825 765 1896 834 in
1944 763 2213 834 Latium
2281 773 2292 780 '
2468 768 2515 823 P

494 873 718 945 Malus
754 889 831 943 ut
866 889 1223 946 antennam
1254 867 1383 976 fert
1415 879 1688 965 vertice,
1723 879 1818 947 sic
1853 897 1978 972 ego
2015 898 2162 944 sum
2465 891 2510 938 ‘r

496 987 789 1082 Spiritus
823 987 965 1078 hic,
1002 988 1166 1058 flatu
1209 991 1592 1060 tenuissima
1629 989 1976 1060 vivificans
2467 1005 2514 1052 Η

497 1103 662 1170 Haec
701 1099 916 1168 tribus
952 1097 1023 1167 in
1058 1101 1251 1171 Latio
1288 1116 1552 1171 tantum
1589 1099 1813 1170 addita
1851 1097 2233 1168 nominibus
2457 1113 2508 1160 x

498 1207 855 1278 Praevaluit
887 1225 1239 1304 postquam
1258 1213 1560 1282 Gammae
1601 1213 1744 1281 vice
1779 1210 2009 1280 functa
2043 1207 2230 1303 prius
2457 1220 2503 1276 C

495 1323 719 1413 Atque
756 1318 962 1389 alium
1004 1345 1130 1415 pro
1166 1347 1235 1390 se
1271 1321 1468 1392 titulo
1509 1321 1828 1416 replicata
1865 1320 2050 1390 dedit
2457 1326 2514 1395 Q

502 1431 699 1502 Ansis
740 1433 958 1506 cincta
995 1432 1257 1505 duabus
1288 1432 1419 1502 erit
1453 1443 1663 1528 q'uum
1703 1435 1885 1514 Iota,
1929 1430 2109 1527 leges
2468 1453 2516 1502 Θ

501 1543 583 1610 In
620 1542 815 1612 Latio
841 1567 1161 1612 numerus
1196 1541 1544 1626 demi-im,
1581 1539 1970 1636 Argolicum
2455 1550 2514 1606 X

501 1655 661 1721 Hoeo
697 1651 880 1746 gruis
922 1651 1173 1747 effigies
1208 1651 1624 1722 Palamedica
1659 1651 2027 1746 porrigitur
2469 1675 2512 1720 φ

1330 427 1783 511 AUSQNII

499 545 777 616 Hostilis
813 571 961 640 quae
990 548 1205 616 forma
1227 547 1373 641 jugi
1410 547 1742 631 est‚hanc
1773 545 2018 616 efficiet
2091 540 2098 548 ’

504 647 884 724 Ausonium
922 656 979 724 si
1012 689 1051 736 p
1082 655 1367 742 scribae,
1406 682 1522 726 ero
1559 657 1962 750 Cecropium
2022 669 2030 678 '

2471 559 2517 607 u
2585 553 2630 592 15

2476 669 2515 716 P
2619 657 2628 673 ι

2513 1255 2534 1288 ἳ

2528 1125 2634 1172 ,ΖΩ

2515 1227 2531 1244 0

2518 1364 2535 1380 ο

2585 1671 2636 1709 25

508 1767 751 1857 Kappa
787 1761 917 1832 fuit
946 1761 1283 1857 quondam
1321 1763 1611 1860 Boeotia,
1645 1786 1827 1832 nunc
1870 1760 2138 1830 Latium
2470 1781 2520 1834 lt

506 1975 702 2027 Paruta
730 1974 788 2026 in
814 1973 991 2028 Sicilia
1016 1994 1112 2030 sua
1132 1979 1412 2049 expressit,
1440 1997 1530 2032 eo-

1616 1978 1717 2032 tius
1738 1997 1901 2052 quam
1925 1979 2073 2031 K.—-·
2085 1983 2310 2031 Gammae
2333 1977 2638 2046 viceffineea

510 2072 616 2126 que
643 2065 750 2107 tam
775 2054 995 2126 antiquo
1009 2093 1023 2116 ,
1052 2067 1113 2107 ut
1142 2069 1265 2110 ante
1286 2075 1401 2110 rem
1425 2058 1530 2109 Ro·
1609 2061 1747 2128 prius
1779 2062 1834 2110 0.
1855 2057 1994 2111 Hinc
2019 2058 2076 2110 in
2102 2069 2227 2111 vett.
2246 2056 2480 2128 inscript.
2499 2073 2637 2126 sepe

512 2153 723 2192 manam
759 2155 919 2191 cusus
944 2155 1010 2191 ex
1037 2138 1152 2211 typi
1185 2155 1377 2210 genere
1400 2137 1530 2189 aesti-

508 2230 699 2275 metur.
742 2217 826 2270 Ibi
865 2217 1061 2289 legitur
1106 2215 1395 2270 DANKLE
1432 2233 1530 2287 pro

511 2304 774 2352 ZAI'KAB.

1618 2137 1854 2190 invenias
1887 2143 1994 2190 lece
2021 2157 2121 2210 pro
2153 2142 2266 2206 Iege
2281 2174 2299 2201 ,
2325 2138 2637 2187 macistmms

1618 2235 1714 2288 pro
1736 2220 2057 2285 magistratus
2071 2257 2087 2282 ,
2112 2230 2214 2271 etc.

1695 2315 1776 2350 aa.
1803 2301 1955 2349 ΤιἰιιΙο
1973 2300 2209 2366 replicata
2231 2300 2367 2349 dedit
2381 2302 2444 2365 Q.
2469 2295 2638 2360 Quin-

592 2377 672 2432 15.
694 2380 894 2430 Hostih's
932 2397 1045 2445 quoe
1057 2378 1235 2447 sonna
1258 2380 1401 2447 jugi,
1420 2389 1522 2430 etc.
1615 2376 1846 2443 finanus,
1869 2376 1966 2429 lib.
1988 2379 2037 2442 Ι,
2061 2395 2174 2449 cap.
2192 2374 2260 2442 4:
2299 2400 2320 2422 ι
2338 2377 2409 2428 Et
2426 2376 2479 2442 Q
2493 2415 2510 2442 ,
2547 2394 2637 2429 eu·

513 2458 696 2511 Festus
718 2476 733 2510 :
784 2458 1021 2529 «Jugum
1036 2496 1052 2522 ‚
1100 2456 1201 2509 sub
1248 2474 1356 2527 quo
1403 2457 1530 2509 victi
1613 2458 1700 2528 jus
1725 2455 1910 2509 similis
1933 2457 2152 2511 effectus
2175 2456 2510 2527 speciesque,
2535 2454 2636 2508 nisi

511 2538 805 2590 transibant
821 2574 837 2599 ,
863 2538 967 2589 boc
992 2536 1157 2588 modo
1182 2536 1376 2589 flebam
1412 2536 1530 2589 fixis
1617 2534 1765 2607 quod
1789 2528 2040 2609 paullum,
2057 2554 2088 2589 a
2112 2536 2306 2589 nostris
2321 2535 2638 2606 obliquatur,

513 2615 722 2669 duabus
746 2616 937 2680 hastis,
976 2634 1132 2686 super
1158 2633 1244 2667 eas
1270 2614 1534 2685 ligabatur

516 2696 669 2749 tertia
701 2714 716 2749 :
765 2698 867 2755 sub
912 2696 977 2749 iis
1028 2696 1193 2750 victos
1247 2691 1534 2749 discinctos

511 2776 737 2831 transire
780 2776 1040 2849 cogebant
1054 2800 1077 2823 n
1094 2816 1109 2829 .
1169 2774 1308 2829 Hinc
1344 2774 1536 2828 hostile

514 2854 730 2909 dicitur.

592 2951 674 3002 19.
698 2937 899 3003 spiam
927 2937 1037 3000 sic,
1056 2938 1269 3006 stam...
1299 2938 1360 2985 ιι.
1389 2932 1536 2986 olim

514 3032 613 3085 pro
642 3013 959 3085 aspiratione
996 3026 1097 3065 usu
1120 3024 1324 3064 tantum
1352 3014 1536 3065 venie·

516 3094 629 3146 bat.
658 3091 761 3145 Hic
796 3110 826 3144 a
862 3091 1020 3144 Poeta
1058 3092 1159 3144 sub
1193 3110 1259 3145 eo
1294 3104 1535 3163 respectu

515 3172 894 3225 consideratur.

594 3271 676 3305 πο.
703 3254 868 3302 Tribus
910 3253 961 3301 in
995 3253 1130 3301 Latio
1165 3265 1387 3311 tannem,
1436 3261 1535 3303 etc.

522 3328 871 3383 Terentianus
894 3330 1144 3382 Maurus:
1178 3330 1269 3381 «K
1296 3330 1536 3383 similiter

522 3408 690 3461 otiosa
734 3408 953 3461 cateris.
993 3409 1343 3461 sermonibus.
1379 3409 1535 3463 Tunc

520 3486 576 3539 in
602 3504 705 3540 usu
727 3498 832 3550 est,
850 3505 1015 3559 quum
1036 3486 1304 3543 Kalendas
1322 3487 1538 3543 adnota-

520 3584 675 3630 mus,
721 3578 813 3618 aut
854 3567 1057 3637 Kaput.
1108 3566 1253 3639 Saepe
1290 3568 1538 3623 Kassones

524 3646 782 3698 notabant
810 3644 909 3698 bac
939 3646 1127 3698 vetusti
1152 3646 1299 3699 litera
1324 3672 1370 3701 ι.
1392 3648 1539 3701 Mar·

524 3726 653 3779 tian.
682 3726 932 3796 Capella,
975 3725 1068 3777 lib.
1100 3727 1215 3777 111:
1267 3752 1290 3774 ι
1310 3728 1363 3779 Κ
1410 3747 1540 3781 vero

524 3824 667 3859 nunc
691 3816 809 3858 nota
836 3816 1051 3875 putatur
1077 3824 1216 3870 esse,
1240 3824 1349 3859 non
1371 3806 1540 3862 litera.

523 3886 661 3939 Nam
685 3886 797 3956 ejus
829 3882 1051 3936 effectus
1078 3884 1123 3935 G
1158 3884 1414 3956 integrare
1434 3906 1542 3939 non

522 3964 748 4016 dubium
794 3975 871 4017 est
888 4001 904 4027 ,
951 3964 1151 4034 absque
1192 3963 1277 4017 his
1316 3964 1508 4036 Kapita
1529 4004 1546 4029 ,

527 4042 778 4096 Kalendas
794 4080 809 4105 ,
831 4041 1131 4095 Kalumniae
1150 4067 1191 4093 ι.

596 4140 678 4185 ³1·
714 4124 988 4181 Praevaluit.
1032 4121 1105 4173 Ut
1138 4135 1423 4192 poneretur
1450 4140 1542 4193 po-

1620 2614 1814 2686 Kappa
1830 2613 1978 2688 apud
2001 2614 2244 2683 Graecos,
2266 2632 2410 2669 nunc
2435 2626 2638 2667 tantum

1619 2692 1674 2744 in
1704 2710 1930 2746 numero
1950 2704 2128 2748 manet
2141 2720 2188 2747 υ.

1697 2774 1784 2827 23.
1812 2777 1960 2825 Ansis
1986 2778 2154 2827 cincta
2176 2778 2363 2826 duabus
2383 2776 2474 2827 erit
2493 2792 2638 2841 quum

1624 2859 1754 2907 Iota.
1787 2854 2062 2925 Intellige,
2103 2866 2154 2907 et
2176 2853 2396 2926 supina:
2436 2862 2640 2906 constat

1625 2932 1770 2985 enim
1811 2932 1924 2986 haec
1963 2934 2113 2988 litera
2139 2940 2184 2987 Θ
2210 2932 2444 2996 circulo,
2493 2944 2546 2985 et
2581 2932 2642 2983 li-

1622 3013 1776 3066 neola
1819 3013 2049 3085 supina,
2085 3033 2205 3087 quo
2247 3012 2482 3067 medium
2519 3028 2638 3064 eum

1626 3110 1842 3158 secans,
1883 3095 1938 3145 in
1965 3091 2099 3147 duas
2141 3111 2264 3147 eum
2301 3111 2456 3146 ansas
2481 3091 2640 3145 veluti

1625 3184 1859 3243 separat,
1883 3190 2114 3244 quarum
2137 3191 2244 3226 una
2271 3173 2543 3245 superior,
2571 3171 2646 3223 al-

1625 3265 1740 3305 tera
1759 3250 2232 3319 interium—Quum
2249 3259 2389 3314 lom,
2419 3255 2552 3319 leges
2577 3258 2638 3301 Θ.

1610 3330 1755 3383 'Vult
1779 3330 2184 3403 Palaeographiae
2211 3343 2397 3383 auctor
2423 3330 2512 3383 hie
2537 3348 2646 3383 me·

1624 3409 1692 3461 tri
1737 3427 1920 3463 caussa
1967 3410 2072 3481 legi
2107 3414 2206 3461 The
2228 3430 2248 3460 .-
2287 3409 2424 3462 nibil
2468 3418 2643 3463 autem

1623 3488 1801 3542 obstat
1853 3490 2140 3562 quominus
2191 3488 2398 3559 legatur
2450 3490 2597 3539 Theca
2621 3510 2639 3540 .-

1625 3579 1752 3620 tunc
1789 3570 1930 3621 enim
1975 3586 2097 3639 pars
2139 3568 2348 3641 syllaba
2387 3567 2646 3638 posterior

1627 3652 1934 3719 sequentem
1951 3665 2165 3703 versum
2186 3665 2282 3720 per
2305 3645 2644 3720 synaloephen

1628 3726 1862 3798 incipiet.
2063 3794 2070 3803 ί

1704 3806 1785 3861 25.
1815 3812 1932 3859 Haeo
1957 3809 2100 3857 Grais
2121 3808 2326 3879 effigies.
2356 3806 2528 3859 Unius
2552 3805 2650 3858 sci-

1631 3885 1752 3938 licet
1770 3886 1916 3957 gruis
1934 3927 1950 3952 ,
1981 3904 2145 3958 quam
2169 3885 2304 3957 pede
2335 3885 2389 3936 in
2415 3904 2524 3937 nno
2552 3904 2646 3937 ex·

1629 3966 1905 4018 cubantem
1942 3978 2019 4019 sat
2055 3966 2191 4018 bene
2215 3964 2374 4018 refert
2409 3964 2560 4017 litera
2583 3972 2645 4015 Φ.

1629 4043 1860 4116 Scaliger
1883 4063 1981 4116 pro
2001 4047 2138 4113 gruis
2163 4044 2453 4117 reponebat
2469 4046 2647 4105 erucis,

1630 4122 1776 4193 quod
1805 4124 1859 4174 iu
1884 4123 1990 4176 alio
2017 4122 2137 4177 cod.
2167 4126 2315 4175 ‹tt-inis
2343 4122 2614 4175 invenerat
2633 4159 2648 4183 2
