2964 4690
539 370 677 444 386

1331 371 1843 440 SYMPOSII

1305 589 1599 657 XLVII.
1652 589 1862 656 TUS.

631 780 898 846 Dnms
933 773 1101 842 odor
1133 775 1422 844 nemoris
1453 775 1719 843 flamma
1748 773 2061 868 fumoque
2096 773 2361 871 fatigor,

628 890 713 956 Et
757 883 973 980 placet
1008 883 1138 955 hoc
1173 886 1474 980 Superis,
1514 883 1770 954 medios
1806 885 1989 979 quod
2026 887 2258 954 mittor
2300 885 2371 954 in
2412 875 2634 982 ignes’‚

626 995 857 1085 Quum
894 994 1059 1063 mihi
1096 995 1408 1088 peccandi
1451 995 1763 1064 meritum
1802 1009 2045 1063 natura
2080 996 2359 1090 negarit.
2716 989 2721 994 ⁸

553 1213 564 1224 ‘
608 1221 652 1255 ι.
693 1202 861 1252 Dulcis
915 1201 1040 1249 odor
1086 1199 1294 1250 nemoris
1324 1201 1546 1270 flamma

517 1283 763 1350 fumoque
791 1279 1025 1347 fatigor,
1075 1275 1180 1330 hoc
1229 1287 1304 1330 est
1325 1317 1340 1342 ,
1391 1276 1548 1330 Dulci

535 1359 700 1414 odore
749 1353 948 1427 impleo
987 1371 1174 1408 nemus
1217 1353 1412 1409 Sabaea
1463 1355 1546 1406 vei

535 1437 742 1490 Arabia
775 1434 971 1500 felicis,
1005 1437 1154 1506 eujus
1183 1433 1238 1486 in
1267 1433 1547 1486 arboribus

529 1517 612 1567 vel
647 1513 928 1568 fruticibus
951 1529 1157 1566 nascor.
1181 1513 1330 1583 Virg.
1351 1513 1544 1584 Geor-g.

531 1595 608 1656 11,
640 1609 736 1662 117
769 1613 841 1656 εμ-
857 1591 988 1646 Solis
1024 1603 1103 1643 est
1129 1603 1276 1643 turea
1297 1590 1438 1661 virga
1458 1591 1549 1644 Sa-

531 1673 660 1726 boeis
677 1695 720 1734 υ,
735 1669 1018 1723 etGratins
1041 1669 1242 1740 Cyneg.
1277 1665 1374 1721 132
1400 1685 1414 1719 :
1438 1693 1463 1713 «ι
1479 1667 1547 1720 ab

530 1751 656 1804 Eois
691 1749 838 1820 virga
877 1745 1101 1810 Sabinis,
1137 1747 1306 1800 Mater
1338 1745 1546 1799 odorati

531 1830 758 1883 multum
803 1826 1159 1897 pulcherrima
1211 1827 1343 1879 turis
1475 1855 1547 1866 —-

527 1915 749 1962 Mamma
757 1909 1006 1974 fiemoque
1012 1907 1222 1973 fatigor,
1239 1905 1296 1958 h.
1327 1923 1370 1959 e.
1399 1907 1547 1959 flam-

526 2005 616 2041 ma
655 1989 901 2039 incensus
943 1996 994 2038 et
1035 1985 1184 2037 fumo
1235 1985 1546 2039 ascendente

527 2068 766 2123 sublatus
793 2062 1016 2118 adsidue
1057 2065 1242 2117 volvor
1286 2078 1337 2118 et
1378 2067 1547 2138 agitor

528 2163 809 2222 perani-as.
825 2145 1004 2198 Horat.
1025 2143 1202 2197 Car-m.
1229 2145 1326 2210 IV,
1349 2159 1430 2211 ιι,
1450 2163 1472 2197 ι
1487 2162 1543 2197 1:

531 2253 558 2276 ι
577 2226 862 2282 Sordidum
899 2223 1126 2278 flammo
1157 2221 1424 2295 trepidant
1461 2243 1547 2277 ro-

528 2319 705 2361 tantes
726 2304 948 2359 vortice
979 2303 1187 2357 fumum
1213 2329 1255 2357 υ.
1292 2303 1547 2368 Avienus,

528 2388 684 2455 Dese.
709 2386 840 2438 orb.
867 2385 966 2438 80²
991 2402 1006 2438 :
1047 2410 1073 2429 κ
1091 2384 1259 2437 sabai
1283 2384 1440 2436 Turis
1476 2383 1549 2436 ibi

527 2482 734 2537 semper
776 2482 908 2535 vaga
958 2464 1163 2515 fumum
1214 2461 1390 2515 nubila
1431 2464 1548 2515 vol-

529 2554 663 2597 vunt
685 2568 726 2593 ι.
765 2544 844 2595 De
876 2560 976 2595 usu
998 2541 1143 2594 verbi
1153 2540 1326 2610 fatigo
1345 2540 1458 2595 dixi
1480 2538 1551 2594 ad

530 2620 786 2675 Prisciani
814 2620 1022 2692 Perieg.
1051 2639 1098 2673 v.
1135 2626 1250 2683 ¹²4·

605 2720 653 2755 α.
682 2701 750 2753 In
783 2697 901 2753 cod.
933 2702 996 2751 B.
1029 2698 1098 2751 ad
1136 2701 1190 2751 τὸ
1220 2705 1354 2767 quod
1383 2700 1552 2771 glossa

451 2802 462 2819 =
529 2779 813 2851 adscripsit
836 2795 849 2831 :
885 2778 999 2849 lege
1027 2799 1154 2831 cum.
1184 2782 1284 2829 Sed
1301 2782 1466 2845 placet
1488 2782 1551 2833 D.

531 2871 582 2912 et
614 2860 677 2910 E.
698 2888 769 2899 --
787 2862 1032 2923 Etplacet
1046 2862 1138 2909 hoc
1159 2860 1378 2923 Super-Is.
1394 2858 1551 2911 Ovid.

528 2935 675 2989 Med.
695 2936 796 2989 fac.
811 2936 945 2989 v.83
964 2954 978 2987 :
1001 2936 1282 3001 «Quamvis
1293 2948 1407 2991 tura
1418 2938 1555 2991 Deos

529 3015 772 3084 irataque
789 3012 1007 3065 numina
1028 3014 1236 3085 placent
1257 3040 1296 3066 n.
1319 3015 1402 3067 Id.
1426 3016 1550 3067 Her.

530 3092 681 3157 XXI,
705 3110 766 3157 91
806 3108 819 3143 :
851 3116 876 3136 u
892 3090 1134 3161 Superis.
1157 3127 1170 3143 .
1194 3130 1206 3141 .
1238 3090 1396 3145 Flava
1421 3095 1555 3146 salu-

529 3162 650 3215 tatis
689 3174 812 3215 tura
854 3180 1166 3233 merumque
1203 3160 1391 3216 damus
1411 3188 1456 3217 a.
1481 3195 1554 3205 —-

529 3244 698 3293 Placet
731 3244 842 3293 Ῐιοσ.
895 3239 1120 3311 Elegans
1159 3240 1408 3313 loquendi
1441 3262 1555 3296 mo·

530 3318 632 3371 dus
646 3359 662 3384 ,
709 3319 898 3391 sapius
927 3319 1293 3391 interrogative
1319 3321 1550 3391 ponitur,

531 3410 590 3450 ut
625 3398 681 3451 in
715 3399 800 3451 ilia
829 3399 1277 3469 expostulatione:
1321 3426 1347 3446 α
1370 3400 1554 3455 Placet

529 3477 634 3530 hoc
673 3494 800 3548 ergo
819 3477 844 3528 ?
884 3487 937 3530 et
971 3478 1110 3549 leges
1146 3478 1551 3550 diligentissime

533 3554 748 3623 pudoris
773 3556 1015 3611 custodes
1033 3595 1050 3621 ‚
1086 3558 1336 3612 decumas
1373 3560 1552 3613 uxori-

1632 1195 1732 1248 bus
1750 1194 1886 1262 dari,
1912 1208 2131 1268 quantas
2154 1195 2515 1251 meretricibus
2530 1240 2547 1266 ,
2576 1201 2661 1272 ju·

1634 1273 1795 1328 bent?
1816 1300 1837 1322 ι
1868 1275 2096 1329 Martini.
2131 1277 2206 1328 xl
2222 1317 2235 1342 ,
2258 1295 2338 1330 vs.
2362 1278 2465 1342 34:
2494 1303 2521 1324 ι
2540 1277 2661 1332 Hoc

1634 1353 1803 1407 Musis
1820 1394 1835 1416 ‚
1870 1353 1974 1407 hoc
2001 1354 2123 1420 tibi,
2144 1353 2369 1421 Phoebe,
2398 1357 2607 1428 placet?
2634 1384 2662 1404 ι·

1633 1429 1721 1486 Sic
1759 1451 1900 1505 sape
1925 1434 2070 1512 apud
2090 1433 2395 1488 Terentium
2431 1447 2485 1489 et
2508 1435 2663 1490 Cice-

1634 1529 1839 1565 ronem.
1868 1511 1970 1564 En.

1703 1589 1751 1642 3.
1768 1591 1926 1642 Deest
1946 1599 2091 1644 totns
2110 1587 2203 1642 hic
2231 1609 2411 1644 versus
2437 1593 2493 1644 in
2516 1593 2580 1645 A.
2602 1607 2659 1647 et

1630 1668 1687 1720 in
1707 1667 1913 1722 Basuel.
1940 1667 2139 1722 Contra
2158 1679 2323 1724 exstat
2346 1670 2400 1723 in
2431 1671 2491 1724 B.
2521 1685 2574 1725 et
2591 1675 2658 1726 C.

1630 1750 1874 1799 Peccandi
1905 1749 2078 1798 vitilem
2112 1746 2227 1802 Per.
2267 1759 2318 1802 et
2364 1747 2506 1803 Pith.
2546 1749 2659 1805 Pro

1632 1824 1788 1879 tertio
1824 1845 1983 1878 versu
2009 1828 2072 1879 A.
2098 1825 2244 1880 hunc
2266 1827 2518 1900 adponit:
2548 1835 2663 1882 Nec

1632 1905 1751 1956 milti
1764 1925 1912 1972 poena
1930 1909 2079 1957 datur
2098 1926 2117 1955 .·
2136 1910 2230 1956 sed
2251 1911 2459 1958 liabetur
2481 1912 2659 1976 gratia

1632 1986 1808 2035 dandi.
1835 1983 1993 2036 Hunc
2011 1997 2281 2056 tamquam
2301 1997 2547 2057 quartum
2562 2005 2663 2042 οε-

1631 2063 1756 2116 teris
1784 2061 2017 2116 adsuunt
2049 2065 2118 2116 D.
2142 2075 2192 2116 et
2218 2065 2284 2116 E.
2314 2077 2367 2118 et
2400 2065 2662 2134 Castalio,

1633 2143 1726 2215 qui
1763 2142 1816 2194 in
1851 2160 1916 2194 eo
1952 2144 2104 2193 danti
2134 2143 2382 2214 corrigit3
2406 2141 2497 2196 sed
2520 2165 2661 2218 quo-

1634 2219 1795 2273 modo
1814 2220 1901 2272 hic
1913 2221 2201 2292 genuinum
2215 2240 2335 2274 eum
2357 2223 2662 2278 existimare

1634 2299 1896 2373 potuerit,
1916 2299 2052 2353 adeo
2074 2311 2135 2354 ut
2164 2302 2381 2355 tertium
2408 2313 2653 2357 nostrum

1638 2398 1734 2451 pro
1759 2397 1824 2431 eo
1858 2376 2173 2451 ejiciendum
2214 2391 2480 2444 censeret,
2530 2382 2665 2437 satis

1636 2454 1814 2509 mirari
1832 2474 2056 2529 nequeo.
2080 2456 2166 2513 Sic
2190 2472 2366 2513 tamen
2394 2472 2445 2513 et
2470 2460 2663 2517 Fabri·

1639 2534 1750 2589 cius
1792 2536 1973 2587 statuit
2022 2536 2159 2589 Bibl.
2205 2540 2321 2591 Lat.
2363 2548 2489 2592 tom.
2541 2540 2661 2608 111,

1638 2634 1690 2687 p.
1738 2614 1837 2668 256
1874 2615 1999 2667 edit.
2028 2634 2195 2670 nova.
2233 2618 2431 2670 Contra
2472 2640 2663 2673 versus

1640 2704 1860 2765 quartus
1871 2692 2019 2746 deest
2030 2694 2083 2747 in
2101 2694 2159 2747 B.
2172 2707 2222 2747 et
2233 2695 2293 2749 C.
2306 2708 2356 2749 et
2375 2697 2437 2751 P.
2454 2710 2505 2751 et
2515 2699 2659 2752 Pith.

1640 2804 1709 2813 —-
1726 2776 1979 2825 Peccandi
1986 2778 2220 2826 met-imm.
2234 2778 2415 2827 Mer-en·
2424 2778 2591 2847 poetis
2608 2790 2664 2831 et

1640 2850 1753 2904 aiiis
1780 2870 1918 2923 sepe
1951 2864 2029 2904 est
2045 2870 2295 2925 peccare,
2327 2852 2660 2927 delinquere.

1642 2930 1831 3001 Virgil.
1874 2930 2067 3003 Georg.
2104 2933 2209 2997 IV,
2238 2933 2374 2997 ⁴53:
2406 2959 2429 2981 ι
2448 2934 2664 2989 Obme-

1640 3008 1801 3061 ritum
1832 3029 2013 3082 poenas
2037 3035 2058 3057 ι
2087 3010 2247 3078 ‹lixit;
2276 3024 2327 3064 et
2350 3012 2507 3065 ovid.
2538 3016 2661 3069 Am.

1640 3088 1762 3150 ΙΙΙ,
1792 3088 1856 3151 3,
1892 3091 1955 3139 16
1993 3104 2007 3141 ε
2046 3088 2318 3143 -Aiterius
2357 3090 2529 3145 meriti
2562 3112 2665 3147 eur

1640 3185 1740 3237 ego
1770 3165 1967 3221 damna
1991 3166 2087 3221 tuli
2103 3193 2144 3220 »-
2176 3168 2363 3223 Parem
2385 3173 2664 3243 querelam

1640 3246 1804 3299 Nucis
1826 3246 2058 3299 invenias
2080 3248 2136 3299 in
2165 3248 2325 3320 elegia
2344 3248 2539 3303 Ovidii.
2556 3252 2665 3325 Cy-

1640 3326 1813 3396 prian.
1830 3337 2013 3379 contra
2030 3326 2447 3391 Demetrianum,
2459 3347 2515 3401 p.
2538 3332 2671 3397 268,

1639 3402 1847 3477 Gryph.
1868 3432 1893 3451 .-
1916 3406 2083 3459 Deum
2114 3425 2266 3478 posse
2291 3406 2513 3463 adversa
2540 3428 2665 3482 pro-

1635 3483 1820 3535 hibere
1836 3521 1853 3545 ‚
1880 3482 1973 3537 sed
1997 3503 2063 3539 ne
2088 3484 2177 3539 ine
2206 3486 2516 3552 subveniat,
2552 3508 2669 3543 me·

1640 3562 1742 3614 rita
1768 3564 2103 3635 peccantium
2133 3567 2308 3623 facere
2320 3594 2360 3620 ι.
2380 3565 2515 3621 But.

1067 3808 2067 3851 w—
