2964 4690
725 369 856 435 DE
907 368 1240 435 CULTU
1293 369 1889 439 HORTORUM.

2268 373 2351 443 61

346 485 660 582 Impulit,
695 505 762 556 et
801 515 1018 558 rerum
1055 513 1344 574 causum,
1385 503 1451 556 et
1492 515 1677 558 sacra
1720 504 2091 558 moventem

350 598 566 693 Orgia
599 612 887 683 naturae,
925 613 1306 692 secretaque
1343 597 1589 666 foedera
1631 598 1791 667 caeli.

345 707 732 776 Exstimulet
767 723 982 776 vatem
1019 733 1138 803 per
1181 708 1515 802 Dindyma
1552 723 1765 777 castra
1802 708 2131 803 Cybelles,

349 819 605 912 Perque
634 819 1080 890 Cithaeronem
1101 872 1120 904 ‚
1157 821 1521 912 Nysaeaque
1561 843 1683 912 per
1714 819 1875 914 juga
1908 823 2183 910 Bacchi,

255 1051 404 1106 tioris
425 1051 648 1126 alicujus
661 1053 891 1105 numinis
910 1053 964 1105 vi
991 1064 1044 1108 et
1067 1053 1269 1108 adflatu
1301 1075 1312 1082 ·

255 1131 522 1202 impulsus.
567 1131 750 1202 virgil.
789 1137 910 1185 AEu.
951 1132 1087 1198 XII,
1123 1141 1274 1206 429:-

257 1235 280 1254 ·
301 1210 472 1283 Major
506 1211 615 1284 agit
648 1214 809 1278 Deus,
836 1224 994 1284 atque
1020 1231 1178 1285 opera
1197 1211 1266 1266 ad

255 1293 456 1363 majora
473 1291 692 1343 remittit
711 1316 752 1343 ιι.

325 1368 445 1421 218.
473 1376 624 1437 Quem
647 1371 879 1438 Delphica
907 1375 1096 1436 laurus,
1109 1389 1265 1443 quem

255 1449 414 1518 ipsius
449 1447 692 1518 Delphici
731 1447 987 1520 Apollinis
1014 1448 1265 1513 adflatus,

255 1529 408 1599 cujus
425 1527 727 1598 symbolum
748 1527 930 1581 laurus
955 1539 1050 1594 est,
1067 1532 1266 1596 impulit.

255 1605 389 1658 Nam
403 1606 582 1658 laurus
593 1605 686 1658 uhi
701 1607 944 1678 imposita
961 1607 1123 1679 capiti
1135 1621 1268 1660 esset

255 1683 310 1735 in
331 1683 526 1756 templo
543 1685 803 1756 Delphico
819 1723 836 1749 ,
863 1685 1076 1739 invitari
1095 1699 1147 1740 et
1177 1686 1270 1741 sd-

255 1763 394 1816 trahi
406 1765 664 1836 Apollinis
683 1765 910 1818 adflatus
934 1764 1268 1826 credebatur.

257 1853 310 1894 et
326 1841 422 1912 qui
449 1842 660 1896 laurum
697 1843 1100 1897 momordissent
1124 1856 1268 1897 vates

257 1931 308 1973 et
326 1935 491 1992 poeto
517 1923 696 1975 enthei
735 1922 948 1976 flebant.
977 1923 1116 1974 Hinc
1150 1925 1266 1977 Sta·

257 2001 383 2068 tius,
407 2001 596 2054 Achill.
625 2002 676 2066 Ι,
699 2003 822 2072 509,
839 2005 1112 2070 laurigeros
1125 2006 1268 2072 ignes

257 2093 410 2135 vocat
427 2083 657 2136 calorem
674 2083 756 2135 vel
777 2083 1010 2135 furorem
1024 2083 1093 2134 ab
1104 2082 1267 2154 Apol·
1293 2113 1301 2121 ·

255 2161 361 2214 line
399 2161 694 2216 immissum
731 2161 803 2215 ad
835 2161 1265 2226 vaticinandum3

255 2253 308 2294 et
337 2241 584 2304 Sabinus,
609 2241 770 2312 Epist.
806 2241 855 2303 1,
899 2243 1017 2301 126,
1044 2239 1114 2293 de
1151 2251 1270 2292 vate

257 2319 522 2393 quodam:
567 2345 590 2369 «ι
624 2319 710 2375 Sic
749 2319 938 2375 cecinit
967 2319 1148 2374 laurus
1178 2318 1268 2373 ille

258 2418 474 2454 monere
497 2418 618 2453 suas
633 2426 680 2453 ιι.
707 2399 842 2453 Hinc
860 2399 1139 2464 Horatius,
1167 2416 1266 2450 no·

259 2496 382 2532 men
418 2491 471 2534 et
518 2480 740 2552 gloriam
781 2491 948 2550 poetae
992 2477 1268 2548 adpetens,

264 2582 288 2605 ι
305 2558 558 2630 Delphica
597 2558 744 2611 lauro
773 2560 864 2609 sibi
889 2574 1094 2611 comam
1129 2556 1270 2627 cingi

259 2638 465 2709 cupit»,
511 2636 689 2690 Carm.
722 2636 828 2699 111,
877 2641 964 2699 30,
1005 2634 1274 2687 15.-Ad

263 2734 417 2768 renem
438 2716 522 2770 Sa.
549 2736 684 2767 σασα
711 2728 974 2766 moventem
999 2714 1081 2765 vir
1101 2711 1244 2765 doct.

333 2812 449 2862 219.
477 2801 646 2864 Orgra
665 2794 714 2847 J.
741 2794 801 2846 B.
826 2794 888 2845 R.
917 2798 1126 2861 Organa
1145 2792 1267 2861 Arg.

263 2904 332 2914 —
347 2878 618 2926 Moventem
649 2874 800 2941 Orgia
827 2886 1040 2930 naturas,
1064 2882 1270 2922 secreta-

263 2972 356 3021 que
364 2955 569 3019 [πάσι-α
594 2955 721 3004 caeli.
743 2952 918 3016 Quem
943 2961 1144 3002 natura
1161 2966 1270 3019 my—

263 3031 430 3085 steriis
459 3031 752 3097 initiatum,
796 3042 850 3081 et
893 3046 1072 3081 rernm
1110 3044 1268 3079 eveu-

261 3122 518 3182 tuumque
552 3109 710 3181 hujus
758 3106 988 3160 universi
1031 3121 1271 3169 caussas,

263 3206 540 3259 corporum
561 3188 686 3241 item
708 3184 985 3241 celestium
1006 3196 1272 3245 naturam,

262 3266 533 3331 ordinem,
569 3284 880 3320 consensum
912 3277 964 3316 et
993 3274 1276 3334 perpetuas

262 3348 401 3418 leges
427 3346 582 3399 altius
599 3345 820 3401 scrutari
849 3343 1064 3397 solitum
1081 3378 1097 3405 ,
1129 3344 1268 3395 Deus

263 3424 511 3497 singulari
530 3425 758 3496 impulsu
779 3422 1027 3477 excitavit
1041 3460 1058 3486 ,
1082 3432 1144 3472 ut
1162 3418 1277 3473 hoc

263 3504 584 3559 carminibus
600 3516 896 3577 exponeret.
913 3505 1070 3571 Orgia
1083 3498 1150 3553 de
1167 3498 1282 3571 qui-

263 3584 491 3639 buslibet
515 3584 776 3657 mysteriis
814 3595 866 3635 et
891 3598 1082 3635 arcana
1107 3579 1277 3633 scien-

262 3662 330 3716 tia
344 3704 359 3725 ,
407 3682 527 3736 quo
557 3662 766 3735 proprie
801 3662 1054 3717 dicuntur
1101 3663 1280 3711 moveri

264 3744 344 3794 vel
389 3746 690 3795 commoveri.
742 3741 869 3794 Vid.
918 3740 1156 3812 Heynius
1203 3736 1272 3789 ad

266 3820 412 3891 virg.
443 3824 566 3874 AEn.
595 3820 698 3887 IV,
725 3821 843 3874 301.
873 3820 1035 3890 Orgia
1073 3830 1272 3870 natura

266 3911 467 3965 movet,
509 3900 600 3971 qui
641 3900 754 3971 ejus
787 3917 981 3953 arcana
1017 3895 1270 3957 scrutari,

267 3996 605 4049 cognoscere,
618 3978 886 4032 celebrare
910 3976 1146 4030 instituit.
1165 3980 1272 4025 17oe-

1351 1066 1541 1108 natura
1557 1055 1781 1109 invicem
1790 1057 2113 1129 respondens
2134 1059 2367 1117 siderum

1353 1147 1404 1186 et
1449 1147 1849 1206 tempestatum;
1893 1141 2049 1212 lagena
2066 1144 2175 1206 pola·
2213 1156 2367 1196 vocat

1353 1212 1475 1266 val.
1512 1215 1553 1266 F
1556 1214 1685 1267 lacc.
1726 1215 1802 1277 11,
1842 1215 1964 1285 357,
2007 1228 2059 1268 et
2100 1217 2169 1270 de
2218 1223 2366 1276 varia

1351 1306 1613 1346 terrarum
1648 1292 1953 1347 conditione
1980 1295 2127 1368 Virg.
2160 1298 2357 1371 Georg.

1354 1372 1404 1432 Ι,
1434 1375 1502 1424 60
1523 1391 1538 1424 :
1568 1397 1594 1418 α
1620 1373 1886 1426 Continuo
1910 1372 2008 1425 has
2034 1375 2195 1448 leges,
2219 1392 2365 1432 aeter·

1349 1469 1525 1522 naque
1538 1451 1726 1503 foedera
1738 1453 1893 1504 certis
1906 1452 2159 1525 Imposuit
2178 1469 2362 1512 natura

1353 1528 1481 1580 locis
1502 1554 1543 1581 υ.
1574 1529 1821 1582 Pluribus
1862 1549 2047 1584 earum
2077 1553 2269 1588 vocum
2292 1536 2359 1591 si-

1353 1606 1741 1679 gnificationem
1786 1611 2029 1681 exposuit
2072 1614 2363 1670 Burmann.

1353 1685 1422 1740 ad
1441 1685 1561 1738 vat.
1592 1685 1761 1741 Flacc.
1788 1687 1835 1751 Ι,
1867 1689 1983 1742 213.

1426 1783 1546 1817 no.
1564 1769 1779 1830 Dsdima
1796 1766 1845 1818 J.
1862 1767 1920 1820 B.
1948 1769 2011 1821 R.
2031 1801 2100 1810 —
2120 1775 2364 1824 Exseimn-

1353 1850 1424 1897 lee
1453 1859 1623 1896 vatem
1652 1865 1748 1912 per
1767 1848 2037 1911 Dindyma.
2066 1848 2121 1900 h.
2147 1868 2193 1902 e.
2222 1851 2367 1906 Alius

1353 1935 1499 1975 vates
1518 1935 1665 1975 tanto
1697 1923 1945 1976 instinctu
1972 1925 2229 1996 Apollinis
2254 1933 2365 2001 agi·

1353 2013 1510 2063 tetur,
1528 2012 1587 2053 ut
1600 2001 2055 2072 quemadmodum
2072 2007 2366 2062 sacerdotes

1352 2081 1575 2152 Cybeles
1600 2093 1653 2134 et
1676 2081 1872 2135 Bacchi
1900 2101 1994 2153 per
2017 2085 2283 2158 Dindyma
2314 2099 2365 2140 et

1353 2158 1573 2231 Nysaea'
1551 2178 1711 2232 juga,
1726 2160 1926 2232 ipsique
1948 2174 2116 2232 poeta
2133 2181 2226 2234 per
2238 2167 2367 2236 juga

1352 2249 1404 2291 et
1443 2257 1659 2292 nemora
1705 2239 1972 2304 Parnassi,
2020 2241 2094 2295 sic
2134 2242 2224 2295 ille
2274 2262 2368 2314 per

1351 2316 1530 2387 plures
1547 2331 1599 2371 et
1612 2317 1931 2390 longinquas
1955 2320 2192 2391 regiones
2214 2334 2374 2376 natu·

1352 2414 1427 2449 ro
1452 2396 1646 2449 entheo
1682 2397 1867 2470 spiritu
1906 2398 2126 2465 feratur,
2155 2401 2368 2473 vimque

1353 2474 1497 2527 illius
1521 2476 1805 2531 instinctus
1844 2477 1957 2548 ipsa
1984 2495 2144 2544 voce,
2177 2480 2367 2551 spiritu

1355 2565 1412 2605 et
1455 2573 1589 2609 sono
1650 2556 1940 2609 carminum
1994 2576 2209 2611 suorum
2224 2596 2241 2623 ,
2292 2562 2371 2614 uti

1353 2632 1675 2689 bacchantes
1702 2634 2191 2699 exclamationibus,
2212 2639 2369 2692 fatea-

1353 2724 1461 2765 tur.
1492 2744 1563 2753 --
1596 2718 1903 2781 Dindymene
1936 2734 2149 2787 qnoque
2180 2716 2374 2772 dicitur

1356 2791 1554 2863 Cybele
1570 2793 1625 2843 in
1647 2792 1845 2864 epitap.
1862 2793 2128 2859 Antth,
2147 2814 2266 2861 ποι,
2288 2797 2374 2862 43,

1355 2882 1408 2922 et
1425 2873 1740 2933 Dindrmena
1761 2872 1961 2922 domina
1978 2871 2168 2924 Catull.
2190 2874 2369 2926 Carm.

1357 2966 1577 3013 nxtvffs.
1594 2967 1609 3001 ι
1621 2950 1668 3001 8.
1678 2948 2047 3015 Eue—&heles
2060 2949 2145 3003 Sa.
2160 2964 2211 3004 et
2225 2952 2372 3005 Dem.

1355 3027 1605 3081 -Heins.
1624 3045 1685 3081 ex
1702 3026 1973 3098 Saugerm.
1998 3026 2121 3081 cod.
2142 3029 2374 3083 scriben-

1355 3106 1487 3159 dum
1528 3118 1805 3159 monuerat
1842 3120 1986 3157 casea
2033 3111 2255 3175 Cybeles,
2300 3109 2367 3162 ad

1361 3185 1524 3238 Ovid.
1551 3186 1660 3239 Art.
1688 3186 1804 3237 Am.
1845 3186 1872 3235 1
1891 3222 1909 3249 ,
1934 3184 2072 3249 5633
2107 3199 2157 3239 et
2184 3188 2367 3241 Burm.

1367 3268 1580 3330 Cybelles
1596 3282 1871 3337 perperam
1885 3264 2141 3335 scriptum
2159 3266 2371 3320 adserit.

1362 3342 1687 3415 scripturam
1727 3343 1868 3395 enim
1894 3345 2075 3406 Qrbebc
2104 3344 2205 3397 viri
2230 3344 2375 3398 docti

1363 3421 1783 3493 amplectuntur,
1826 3420 2029 3491 quoties
2066 3422 2122 3476 in
2148 3425 2379 3477 carmine

1367 3501 1571 3571 syllaba
1584 3511 1661 3553 est
1678 3498 1841 3569 longa
1856 3537 1872 3563 ,
1892 3517 2000 3551 uon
2019 3504 2239 3565 Osbclle;
2253 3520 2380 3574 quo-

1367 3580 1462 3632 ties
1496 3589 1671 3631 autem
1698 3575 1873 3629 brevis
1914 3590 2024 3640 est,
2072 3584 2245 3644 Cybele
2272 3602 2291 3631 .·
2322 3594 2381 3634 ut

1364 3657 1563 3710 Graecis
1586 3653 1785 3711 Kussvissn
1808 3655 1889 3708 vel
1914 3655 2123 3713 Κυῧίλη.
2144 3658 2246 3710 En.

1432 3736 2193 3791 221.ce·t1·mnemJ.B.J.J.n.
2210 3744 2271 3788 Α.
2286 3738 2380 3791 Gr.

1359 3814 1425 3867 G.
1454 3818 1717 3866 Ciceronem
1754 3816 1816 3867 D.
1853 3814 1913 3865 R.
1942 3819 2126 3879 Nyseae'a
2161 3816 2209 3867 J.
2236 3815 2294 3867 B.
2318 3818 2381 3869 R.

1359 3898 1649 3959 Nyseraque
1677 3892 1737 3946 L.
1766 3896 2028 3959 Nyseaque
2048 3892 2238 3965 reliqui
2256 3912 2380 3964 ρη-

1362 3985 1440 4026 ter
1457 3971 1659 4043 Gryph.
1699 3982 1751 4023 et
1774 3970 1925 4023 Com.
1954 3974 2253 4039 Nysoeiaqne
2269 3992 2381 4041 per-

268 4060 386 4108 dera
425 4060 534 4111 caeli
567 4067 692 4111 suut
712 4069 886 4115 certus
927 4054 1092 4121 ordo,
1125 4054 1202 4107 vis
1225 4063 1276 4106 et
1351 4056 1482 4119 juga
1518 4052 1672 4102 Dem.
