2964 4690
817 391 948 457 DE
996 393 1052 459 C
1073 393 1332 460 ULTU
1381 392 1982 458 HORTORUM.

2288 351 2455 458 ‘53

441 511 796 602 Signorum
831 525 898 578 et
933 537 1242 605 pecorum
1284 513 1591 606 princeps
1622 527 1825 606 caput
1866 511 2095 580 efferet
2130 510 2321 580 undis
2342 565 2361 596 ‚

437 617 631 686 Alma
663 619 880 688 sinum
909 620 1100 690 tellus
1117 622 1255 715 jam
1289 621 1567 717 pandet,
1605 621 1963 715 adultaque
1994 645 2265 713 poscens

440 727 706 796 Semina
734 728 1047 823 depositis
1083 734 1307 825 cupiet
1343 731 1674 800 denubere
1704 731 1949 825 plantis
1976 755 1991 797 z

443 835 790 930 Invigilate
819 837 972 908 viri!
1015 844 1218 911 tacito
1250 867 1404 912 nam
1442 858 1741 936 tempora
1777 865 2005 935 gressu

442 945 865 1042 Diffugiunt,
915 949 1233 1046 nulloque
1275 978 1439 1022 sono
1486 953 1897 1022 convertitur
1928 977 2161 1020 annuS.
2389 979 2461 1016 ,σο

445 1054 728 1152 Flagitat
760 1084 912 1128 ecce
949 1085 1103 1129 suos
1140 1064 1423 1156 genitrix
1458 1063 1803 1131 mitissima
1839 1061 2038 1145 ferm,
2118 1137 2123 1148 ,

445 1167 532 1234 Et
565 1190 732 1259 quos
774 1170 966 1237 enixa
1007 1185 1107 1239 est
1145 1186 1413 1264 partuS‚
1445 1172 1582 1265 jam
1618 1173 1858 1264 quaerit
1886 1170 2193 1254 alend05‚

353 1387 442 1457 qui
461 1389 698 1460 prodidit
715 1391 1025 1445 Hellen».—
1038 1399 1164 1444 Mos
1183 1397 1262 1444 ubi
1281 1413 1370 1445 nu·

356 1468 545 1534 bigam
563 1509 580 1534 ‚
617 1481 715 1523 etc.
741 1471 825 1525 sic
852 1471 1075 1544 vulgatas
1101 1485 1154 1525 et
1187 1473 1256 1524 ita
1287 1473 1368 1523 vi-

358 1545 504 1602 derat
520 1550 702 1606 Heius.
723 1552 778 1607 in
794 1565 954 1606 veter.
973 1553 1092 1608 cod.
1109 1555 1164 1608 S.
1180 1553 1366 1606 Germ.

355 1627 643 1682 Burmann.
691 1630 782 1683 hic
824 1632 928 1704 legi
969 1651 1122 1704 posse
1172 1642 1325 1704 putat
1350 1650 1363 1682 ε

357 1731 379 1752 ι
405 1707 532 1761 Mox
571 1709 666 1762 ubi
705 1709 994 1783 Nubigenae
1033 1723 1230 1773 vector,
1275 1709 1368 1763 sed

355 1785 591 1856 proditor
615 1787 792 1842 Helles
809 1809 864 1854 »ς
891 1791 1012 1860 quia
1039 1801 1180 1843 recte
1199 1789 1366 1842 Nubi-

355 1883 498 1934 genae
511 1883 636 1919 cum
649 1867 800 1920 litera
810 1867 1026 1940 capitali
1043 1868 1199 1922 scribi
1215 1867 1367 1941 jussit

355 1943 640 2013 Meursius,
667 1945 852 2001 Exere.
870 1949 986 2000 erit.
1007 1959 1144 2020 part.
1157 1948 1234 2010 11,
1249 1966 1365 2020 pag.

362 2029 477 2090 ¹44,
497 2024 735 2098 adeoque
745 2026 942 2100 Phryxi
959 2046 1024 2080 ex
1041 2027 1367 2082 Grossemate

359 2103 626 2175 irrepsisse
655 2119 828 2179 putat.
857 2107 1161 2160 Maximiani.
1201 2108 1258 2160 in
1285 2125 1364 2177 ep.

361 2183 562 2250 (Anth.
589 2185 708 2238 Lat.
737 2187 804 2254 V,
828 2187 960 2253 34),
980 2206 1034 2240 v.
1065 2205 1087 2238 1
1115 2205 1178 2239 :-
1199 2185 1368 2238 Nubi-

357 2280 503 2333 genae
539 2263 748 2334 juvenis
785 2277 983 2331 vector,
1007 2277 1113 2325 etc.²
1135 2282 1196 2316 n:
1227 2263 1370 2316 unde

357 2341 558 2397 firmari
575 2343 948 2414 possitHeinsii
965 2344 1270 2416 conjectura
1278 2342 1371 2415 qui

357 2421 416 2474 h.
439 2422 478 2477 1.
499 2422 718 2495 margini
727 2423 1092 2497 adscripscrat:
1108 2427 1374 2493 Nubigenoe

361 2504 552 2567 Phryxi
567 2516 616 2553 et
635 2517 752 2555 m
758 2506 970 2571 portitor
987 2507 1166 2555 Helles.
1185 2502 1286 2555 En.

435 2598 458 2632 1
467 2580 554 2633 56.
566 2584 824 2647 &gnarum
839 2596 1120 2649 etpeeomm
1129 2584 1371 2651 princeps.

365 2657 618 2712 Pecorutn
641 2660 890 2733 princeps
906 2696 922 2723 ,
945 2659 1040 2731 qui
1054 2671 1104 2712 et
1123 2659 1248 2711 alias
1267 2664 1374 2712 dux

361 2740 578 2806 lanigeri
621 2743 814 2805 peeoris
860 2738 1002 2810 apud
1038 2738 1196 2791 Ovid.
1236 2738 1370 2792 Fast.

363 2816 460 2881 IV,
501 2816 625 2886 715.
663 2820 922 2886 Signorum
959 2820 1208 2887 princeps,
1249 2818 1374 2888 quia

361 2898 596 2968 primum
617 2898 824 2969 signum
838 2898 1076 2959 zodiaci,
1091 2898 1210 2950 etin
1229 2899 1374 2951 Arie-

364 2988 414 3029 te
449 2976 584 3031 veris
623 2978 854 3031 initium.
875 2979 942 3030 Et
969 2978 1046 3033 sic
1075 2978 1377 3049 frequenter

365 3069 598 3110 vocatur.
609 3058 672 3110 In
683 3056 1128 3111 Scholastieorum
1141 3057 1376 3111 versibus

366 3134 432 3189 de
459 3135 622 3207 signis
656 3134 971 3203 coelestihus‚
1008 3134 1224 3189 Anthol.
1258 3137 1374 3190 Lat.

365 3225 402 3266 t.
420 3214 492 3273 11,
519 3233 576 3286 p.
599 3216 702 3279 314
723 3234 738 3267 ε
787 3216 1109 3287 «Signorum
1129 3216 1378 3286 princeps

367 3292 517 3347 Aries
533 3318 576 3344 a.
595 3324 666 3333 —-
693 3294 762 3347 Et
787 3294 845 3346 in
871 3294 1185 3365 Asclepiadii
1216 3295 1376 3366 epigr.

369 3370 463 3437 34:
499 3398 526 3417 α
545 3372 804 3444 Corniger
829 3384 1098 3429 astrorum
1119 3374 1312 3429 ductor
1327 3400 1374 3427 n.

368 3448 472 3503 Sed
505 3452 669 3523 epigr.
703 3452 896 3518 Basilii,
925 3454 1140 3507 Anthol.
1168 3460 1237 3520 V,
1275 3454 1377 3506 35:

373 3555 394 3576 ι
410 3530 682 3602 cornigeri
715 3531 906 3587 ductor
933 3534 1131 3606 gregis,
1157 3534 1378 3602 Europae

366 3628 578 3683 quoque
605 3624 784 3665 vector
801 3639 826 3657 u·
841 3650 858 3679 ‚
891 3612 1039 3684 quod
1057 3613 1126 3667 ad
1142 3614 1376 3666 Taurum

369 3706 476 3741 non
521 3689 590 3743 ad
630 3691 858 3745 Arietem
897 3692 1124 3764 respicit.
1169 3694 1266 3745 En.
1309 3722 1378 3732 —

369 3768 646 3835 Manilius,
681 3770 736 3834 1,
776 3774 873 3825 262
903 3792 916 3826 :
972 3797 994 3819 ι
1017 3774 1218 3824 Aurato
1243 3770 1381 3842 prin-

371 3864 494 3919 ceps
523 3848 670 3903 Aries
699 3850 756 3903 in
780 3851 973 3906 vellere
1002 3852 1205 3923 fulgens
1225 3876 1266 3902 ι.
1295 3850 1380 3903 Sic

371 3924 616 3980 German.
653 3930 794 3982 Arat-
835 3950 908 3983 vs.
941 3938 1080 4001 499,
1121 3930 1187 3981 ad
1221 3948 1380 4001 quem

375 4004 554 4059 locum
575 4008 726 4079 plura
756 4008 939 4065 adtulit
959 4010 1193 4063 Grotius.

449 4084 564 4155 157.
591 4092 802 4140 Pasceris
825 4109 922 4161 pro
943 4110 1150 4158 poscens
1175 4090 1231 4141 B.
1251 4089 1310 4140 R.

1533 1395 1647 1448 158.
1675 1392 1951 1462 Cupiene's.
1994 1393 2039 1444 J.
2076 1390 2141 1442 H.
2170 1391 2231 1441 A.
2265 1389 2362 1442 Gr.
2396 1389 2462 1442 G.

1455 1478 1653 1544 cupiens
1693 1476 1815 1545 Arg.
1856 1473 1973 1526 Riv.
2012 1493 2065 1524 se
2102 1475 2283 1522 nubere
2318 1469 2460 1524 edid.

1453 1554 1609 1607 Gesn.
1627 1551 1771 1624 quod
1792 1565 1845 1605 et
1863 1554 1924 1605 A.
1949 1554 2072 1624 Arg.
2092 1551 2187 1604 Gr.
2211 1549 2285 1602 St.
2310 1551 2464 1603 Com.

1453 1633 1571 1686 Riv.
1616 1632 1843 1698 habeat3
1892 1635 2133 1682 denubere
2174 1629 2258 1683 Sa.
2304 1631 2457 1682 Dem.

1454 1713 1596 1784 Lips.
1626 1714 1679 1765 J.
1708 1713 1766 1763 Β.
1796 1712 1859 1763 R.
1884 1713 1933 1762 J.
1959 1712 2008 1762 J.
2028 1739 2099 1750 -
2120 1711 2357 1776 Depositis
2379 1728 2461 1759 cu-

1448 1793 1551 1860 piet
1580 1797 1821 1844 denubere
1838 1793 2048 1859 plantis,
2080 1789 2134 1840 h.
2161 1807 2208 1841 e.
2238 1787 2429 1858 plantis
2446 1825 2463 1849 ‚

1452 1889 1569 1944 quoe
1596 1890 1625 1922 e
1668 1871 1865 1925 semine
1904 1879 2038 1922 nates
2075 1879 2230 1929 sunt,
2270 1877 2323 1920 et
2350 1869 2459 1938 jam

1453 1949 1802 2004 adoleverunt
1818 1987 1835 2013 ‚
1872 1949 2101 2016 depositis
2116 1988 2133 2013 ,
2159 1945 2383 1998 dimissis
2413 1958 2465 1999 et

1454 2030 1722 2083 translatis
1742 2031 1798 2083 iu
1816 2029 1941 2082 alias
1962 2045 2109 2080 areas
2139 2024 2279 2092 (vid.
2310 2025 2463 2096 Virg.

1451 2109 1646 2182 Georg.
1681 2110 1757 2174 Π,
1792 2109 1875 2168 23,
1900 2119 1953 2159 et
1970 2107 2105 2160 infra
2125 2124 2179 2158 v.
2212 2107 2356 2172 190),
2374 2124 2462 2156 eu·-

1448 2195 1553 2259 piee
1576 2193 1837 2253 denubere,
1877 2186 2127 2241 desistere
2164 2203 2195 2236 a
2214 2183 2467 2237 nubendo

1457 2281 1509 2323 et
1524 2268 1780 2341 pariendo
1794 2309 1811 2334 ,
1827 2270 2047 2339 jamque
2064 2265 2201 2318 fetus
2218 2281 2346 2318 suos
2366 2264 2467 2317 ale·

1457 2370 1517 2404 re
1568 2361 1621 2403 et
1660 2348 1917 2413 educare,
1964 2343 2113 2417 quod
2146 2360 2329 2397 versus
2366 2345 2463 2396 162

1458 2428 1709 2482 declarat.
1728 2426 1997 2481 Nimirum
2024 2422 2214 2492 incipit
2240 2422 2349 2495 jam
2385 2420 2467 2474 di·

1459 2528 1577 2563 cere
1615 2509 1683 2562 de
1706 2505 2043 2560 translatione
2068 2514 2120 2554 et
2143 2501 2469 2572 depositione

1458 2587 1863 2659 plantariorum.
1912 2582 2041 2635 vid.
2086 2581 2335 2651 Calpurn.
2386 2579 2470 2644 11,

1463 2668 1531 2730 48
1554 2684 1661 2735 seq.
1692 2664 1761 2715 Et
1791 2659 2038 2714 enodatio
2062 2660 2177 2711 haec
2202 2659 2469 2711 sententio

1461 2762 1556 2817 per
1568 2763 1629 2799 se
1640 2743 1833 2795 demon
1839 2751 1989 2802 strat,
2000 2736 2323 2810 aptissimam
2338 2753 2468 2802 esse,

1461 2840 1621 2894 quam
1646 2818 1829 2892 optimi
1866 2816 2075 2871 codices
2103 2814 2364 2885 prebent,
2392 2814 2466 2866 ie·

1461 2902 1689 2955 ctionem
1704 2890 2111 2964 denubere‚quod
2121 2890 2343 2945 verbum
2356 2910 2469 2943 eam

1463 2982 1572 3034 vim
1588 2978 1771 3040 habet,
1790 2993 1951 3048 quam
1963 2973 2067 3027 alia
2086 2967 2318 3041 ejusdem
2332 2988 2469 3024 com-

1461 3058 1757 3132 positionis,
1772 3067 1831 3108 ut
1843 3053 2148 3124 depugnare
2159 3090 2175 3115 ‚
2191 3048 2441 3103 detonare
2456 3054 2471 3116 '‚

1463 3139 1793 3211 despumare.

1540 3220 1657 3270 160.
1682 3220 1923 3281 Nullaque
1940 3232 2062 3263 sono
2076 3213 2365 3262 convertitur
2380 3232 2470 3261 an-

1464 3318 1576 3349 nus.
1604 3293 1801 3348 Eadem
1814 3290 2071 3346 sententia
2088 3302 2167 3343 est
2182 3287 2325 3359 apud
2342 3290 2471 3343 Ovi-

1465 3376 1613 3430 dium
1638 3372 1858 3444 repetita
1886 3368 2188 3439 saepiuscule
2207 3406 2223 3433 ,
2246 3378 2309 3419 ut
2333 3366 2471 3422 Fast.

1465 3454 1568 3516 v1-,
1597 3470 1691 3523 771
1720 3470 1733 3504 ε
1766 3474 1788 3497 ι
1809 3449 2071 3520 Tempora
2096 3446 2367 3509 labuntur,
2398 3460 2474 3500 ta-

1465 3532 1687 3603 citisque
1712 3527 2030 3582 senescimus
2048 3525 2203 3579 annis
2218 3550 2245 3569 n
2260 3564 2275 3590 ‚
2292 3536 2347 3578 et
2362 3526 2473 3579 Me-

1465 3624 1593 3664 tam.
1634 3610 1685 3661 X
1701 3648 1719 3673 ,
1762 3608 1861 3676 519
1884 3628 1899 3661 :
1940 3632 1963 3655 ι
1996 3604 2215 3657 Labitur
2240 3605 2472 3669 occulte,

1469 3691 1703 3762 fallitque
1728 3687 1953 3743 volatilis
1980 3698 2103 3739 otas
2124 3709 2166 3734 a.
2180 3684 2265 3738 ‚Et
2288 3682 2473 3737 eadem

1467 3771 1521 3825 in
1560 3771 1652 3823 illo
1674 3768 1972 3835 juvenalis,
1998 3766 2105 3817 Sat.
2130 3764 2209 3817 lx
2230 3785 2244 3819 τ
2278 3790 2303 3809 ‹-
2320 3766 2471 3819 obre·-

1465 3852 1544 3923 pit
1556 3868 1663 3903 non
1678 3848 1939 3901 intellecta
1958 3856 2193 3898 senectus
2208 3870 2251 3897 ιι.
2276 3846 2471 3898 ΒΑΜ-11.

1469 3928 1599 3983 Adv.
1626 3926 1833 3988 xxm,
1866 3928 1946 3978 16.

1536 4012 1658 4065 162.
1698 4010 1881 4075 Qua-rie
1923 4008 2125 4055 alendos
2140 4044 2155 4067 ,
2199 4014 2469 4073 postquam

1469 4087 1705 4142 translati
1724 4098 1775 4139 et
1800 4084 2021 4155 depositi
2046 4094 2181 4136 sunt.
