2964 4690
483 419 560 498 ,4
1206 413 1849 481 PROOEMNJM

467 549 838 609 Burmanno
865 555 929 604 et
955 539 1242 604 Gesnero
1273 556 1404 623 est,
1432 541 1781 606 Palladium
1814 565 1949 606 esse
1978 545 2419 633 propinquum
2452 549 2582 611 Ru-

467 650 617 730 tilii,
646 648 760 736 qui
803 645 1022 710 ltiner.
1071 645 1180 710 lib.
1233 647 1302 727 1,
1331 669 1391 711 v.
1431 648 1593 727 208,
1626 647 1947 728 laudetur,
1985 671 2125 711 eam
2159 652 2435 738 speciem
2470 676 2577 716 ve-

465 756 664 820 ritatis
700 754 933 832 habet,
961 767 1038 815 ut
1067 752 1205 814 sine
1252 750 1649 817 haesitatione
1686 751 1938 817 admitti
1975 770 2187 845 queat.
2226 757 2389 820 Nam
2440 758 2575 837 ille,

459 861 711 941 juvenis
738 876 876 923 tum
901 905 918 938 ,
939 879 1143 944 quum
1173 857 1448 922 Rutilius
1479 860 1685 923 Roma
1712 877 2141 925 reverteretur
2170 861 2239 924 in
2278 862 2576 944 Galliam,

459 991 562 1032 an.
596 967 751 1032 Chr.
810 963 976 1045 416,
1033 961 1268 1026 dicitur
1315 985 1352 1027 e
1401 966 1605 1030 Gallia
1652 967 1921 1029 Romam
1970 968 2202 1030 missus
2246 968 2326 1032 ab
2370 970 2577 1033 Exsu-

457 1073 748 1163 perantio
772 1087 950 1159 patre
973 1117 990 1150 ,
1018 1067 1102 1132 ad
1128 1067 1432 1134 discenda
1469 1071 1595 1134 fori
1630 1072 1907 1136 Romani
1934 1073 2079 1152 jura
2108 1095 2123 1137 :
2158 1073 2391 1138 Noster
2423 1097 2575 1138 vero

458 1179 660 1269 patria
697 1178 1024 1239 Romanus
1048 1221 1066 1254 ,
1099 1189 1164 1236 et
1197 1173 1262 1236 in
1299 1174 1480 1238 Italia
1519 1175 1837 1240 habitasse
1858 1174 2114 1240 videtur
2139 1177 2440 1259 eruditis,
2463 1180 2575 1265 qui

455 1302 520 1349 et
539 1286 678 1371 ipse
699 1278 938 1344 fundos
966 1277 1268 1340 habuisse
1291 1278 1358 1340 in
1380 1277 1673 1344 Sardinia
1691 1280 1843 1343 etin
1878 1279 2298 1368 Neapolitano
2325 1284 2576 1346 territo-

454 1392 551 1454 rio
579 1401 894 1452 memorat
921 1383 1110 1448 Mart.
1135 1385 1228 1464 X,
1259 1383 1356 1448 16.
1382 1385 1611 1473 Neque
1634 1383 1953 1448 Palladius
1979 1386 2203 1468 Rutilii
2226 1387 2395 1452 inter
2416 1388 2575 1450 Prae-

454 1498 652 1560 sectos
675 1510 740 1556 et
757 1492 1161 1579 magistratus
1179 1491 1627 1577 proximorum
1654 1509 2019 1580 temporum
2042 1493 2383 1581 reperitur,
2408 1517 2571 1580 quos

452 1619 664 1666 tamen
718 1599 1000 1662 honores
1035 1595 1276 1660 Noster
1328 1598 1561 1686 gessit,
1595 1598 1747 1685 quia
1791 1598 1903 1661 Vir
1942 1598 2207 1662 illustris
2242 1599 2309 1662 in
2358 1601 2570 1662 fronte

449 1706 761 1770 librorum
799 1722 1068 1764 suorum
1103 1714 1387 1763 vocatur.
1425 1700 1559 1782 Qui
1580 1724 1681 1764 an.
1707 1703 1781 1764 C.
1805 1701 1934 1779 416
1969 1701 2287 1766 Palladius
2324 1703 2563 1766 Consul

449 1814 514 1875 in
545 1809 718 1874 fastis
741 1857 758 1889 ,
788 1822 853 1870 et
885 1807 1050 1870 circa
1097 1803 1274 1868 idem
1318 1820 1576 1893 tempus
1612 1805 1959 1870 Praefectus
1992 1807 2095 1870 Pr.
2132 1807 2459 1870 invenitur
2496 1810 2561 1870 in

449 1915 726 2005 legibus,
748 1913 976 1975 Iunius
1015 1911 1292 1998 Quartus
1330 1909 1661 1975 Palladius
1694 1911 2088 1991 nominatur,
2122 1933 2255 1975 non
2289 1912 2569 1975 Rutilius

449 2019 784 2086 Palladius.
815 2019 1072 2082 Nomen
1104 2015 1347 2096 Rutilii,
1371 2015 1553 2103 quod
1576 2017 1819 2080 Noster
1854 2017 2037 2105 gerit,
2054 2015 2321 2080 suadere
2354 2019 2567 2082 forsan

447 2143 692 2217 potest,
720 2140 797 2222 ut
829 2145 950 2212 pro
987 2120 1208 2210 gentili
1255 2138 1320 2184 et
1360 2121 1731 2210 propinquo
1767 2120 1993 2184 Rutilii
2040 2123 2099 2186 N
2106 2121 2413 2185 umatiani
2462 2121 2571 2185 ha-

447 2234 693 2312 beatur,
750 2250 886 2292 non
931 2230 1086 2290 item
1109 2271 1127 2305 ,
1171 2243 1248 2290 ut
1303 2224 1476 2289 idem
1532 2225 1615 2289 sit
1663 2222 2015 2306 Palladius,
2048 2247 2243 2312 quem
2291 2225 2569 2290 Rutilius

444 2337 678 2404 laudat.
740 2335 902 2418 Quis
954 2333 1126 2398 enim
1179 2331 1551 2397 adseverare
1598 2330 1863 2412 audeat,
1914 2330 2265 2397 Palladium
2314 2333 2569 2414 Rutilii,

443 2446 592 2533 quia
623 2443 778 2506 huic
811 2455 1124 2528 cognatus
1149 2438 1295 2520 fuit,
1323 2440 1515 2501 etiam
1544 2458 1782 2501 nomen
1812 2436 2147 2519 habuisse,
2176 2460 2381 2525 quum
2410 2438 2569 2503 adeo

440 2576 476 2615 a
513 2550 708 2639 patris
738 2544 1186 2633 Exsuperantii
1236 2545 1504 2606 nomine
1550 2542 1912 2631 discrepet?
1948 2543 2031 2607 Et
2076 2542 2384 2607 lubrioem
2432 2566 2567 2607 esse

443 2676 704 2719 omnem
755 2674 792 2715 e
847 2647 1222 2713 nominibus
1271 2648 1747 2727 conjecturam,
1794 2668 1987 2710 nemo
2034 2648 2255 2711 nescit.
2304 2648 2569 2711 Facilior

445 2764 712 2823 fortasse
743 2756 908 2821 ratio
935 2750 1341 2818 inveniendas
1373 2752 1574 2815 aetatis
1610 2751 1803 2830 hujus
1831 2751 2093 2816 Palladii
2124 2754 2277 2833 erit,
2313 2753 2366 2816 si
2400 2753 2571 2817 Pasi-

441 2866 729 2955 philum,
769 2863 877 2927 cui
911 2856 1226 2923 Palladius
1262 2879 1456 2921 suum
1492 2856 1730 2920 librum
1760 2855 2107 2938 dedioevit,
2142 2858 2409 2947 propius
2446 2880 2567 2921 no-

441 2992 708 3036 scamus.
750 2966 1047 3033 Meminit
1082 2962 1350 3043 alicujus
1383 2962 1686 3051 Pasiphili
1718 2963 1930 3026 Amm.
1966 2964 2409 3044 Marcellinus,
2454 2963 2563 3026 ubi

441 3074 862 3163 quaestionem
893 3068 976 3133 de
999 3067 1378 3155 conspiratis
1405 3066 1711 3131 adversus
1728 3067 2062 3131 Valentem
2086 3069 2251 3154 Imp.
2281 3065 2563 3130 habitam

441 3192 695 3243 enarrat
725 3176 834 3238 lib.
858 3172 1082 3237 XXIX
1100 3219 1118 3254 ,
1149 3192 1285 3259 (ap.
1323 3192 1380 3249 1,
1414 3191 1480 3257 p.
1504 3168 1673 3233 603:
1710 3200 1735 3224 α
1763 3171 2115 3259 Eutropius
2146 3171 2361 3235 Asiam
2406 3170 2563 3233 Pro·

439 3280 760 3347 consulari
793 3294 950 3343 tunc
981 3276 1286 3341 obtinens
1318 3290 1661 3362 potestate,
1702 3291 1777 3338 ut
1806 3277 2099 3340 factionis
2134 3277 2429 3341 conscius
2460 3298 2561 3339 ar·

437 3388 703 3452 cessitus
739 3385 808 3446 in
841 3384 1082 3447 crimen
1103 3429 1121 3463 ,
1162 3381 1467 3446 abscessit
1500 3381 1822 3444 innocuus
1841 3428 1859 3461 ,
1890 3382 2213 3469 Pasiphilo
2244 3381 2563 3445 eximente

437 3488 855 3579 philosophO,
887 3488 1002 3574 qui
1045 3503 1122 3550 ut
1164 3507 1316 3550 eum
1357 3484 1693 3549 mendacio
1724 3485 1967 3564 injusto
1992 3502 2385 3573 perverteret
2415 3508 2563 3549 cru-

436 3596 665 3662 deliter
703 3607 947 3672 tortus,
987 3588 1068 3654 de
1102 3606 1272 3655 statu
1305 3589 1586 3654 robustae
1636 3591 1870 3653 mentis
1918 3613 2053 3653 non
2094 3591 2310 3677 potuit
2340 3590 2563 3655 detur-

439 3702 573 3766 bari
594 3732 637 3761 ι.
681 3698 850 3761 Sunt
893 3697 960 3758 in
1007 3694 1108 3759 his
1143 3694 1354 3759 verbis
1391 3694 1708 3758 nonnulla
1752 3694 2023 3776 indicia,
2062 3718 2206 3782 quae
2242 3696 2565 3783 Pasiphilo

439 3803 699 3871 Palladii
763 3800 1050 3889 adprime
1111 3800 1517 3864 conveniant.
1564 3800 1733 3863 Nam
1794 3822 2001 3888 quum
2056 3800 2452 3888 Pasiphilum
2494 3801 2563 3863 in

441 3909 844 3977 dedicatione
901 3906 967 3967 V
963 3909 1124 3969 irum
1176 3904 1594 3969 doctissimum
1638 3906 1897 3985 salutat,
1950 3906 2209 3969 cuinam
2259 3906 2385 3969 hoc
2428 3906 2562 3969 elo·

441 4020 618 4107 gium
659 4013 854 4102 magis
886 4028 1106 4099 aptum
1141 4012 1258 4093 sit,
1312 4033 1507 4098 quam
1548 4012 1642 4092 ei,
1686 4012 1799 4098 qui
1848 4010 2273 4099 philosophus
2322 4034 2359 4073 a
2400 4010 2565 4072 Mar·

439 4122 667 4187 cellino
698 4118 1096 4205 adpellatur?
1126 4116 1432 4197 Majorem
1472 4114 1687 4179 adhuc
1728 4114 1917 4179 fidem
1960 4116 2109 4179 facit
2149 4114 2467 4180 adtributa
2503 4117 2561 4177 ei
