2964 4690
531 339 982 412 VOMANUS
1031 341 1154 410 DE
1195 341 1659 412 LAUDIBUS
1708 341 2139 412 HORTULI.

2268 363 2395 410 111

473 461 802 556 Sulcoque
828 460 1070 531 ductus
1101 463 1336 558 irrigat
1373 464 1556 532 rivus
1592 477 1771 532 sata:

475 573 700 643 Flores
735 573 1072 642 nitescunt
1106 572 1434 644 discolore
1471 575 1809 669 gramine,

476 684 898 778 Pinguutque
932 697 1176 752 terram
1220 686 1539 779 gemmeis
1581 684 1973 754 honoribus.

483 797 650 886 Apes
692 817 967 863 susurro
1006 810 1430 876 murmurant
1473 811 1678 889 gratae
1718 793 1883 882 levi,
2020 783 2025 795 ¹

299 1016 384 1057 est.
409 1001 514 1056 Sed
549 1001 677 1055 huic
696 1003 979 1056 consulens
996 1001 1305 1058 Willichins

299 1082 454 1136 edidit
482 1109 511 1129 α
534 1085 698 1154 Aqu-
731 1095 1026 1154 suepentes
1040 1122 1056 1149 ,
1085 1083 1306 1136 vitreus-

302 1181 398 1234 qne
424 1162 588 1215 ambit
625 1161 805 1232 liquor
827 1187 870 1210 υ.
917 1161 1088 1232 Magis
1129 1171 1306 1214 tamen

299 1239 497 1294 adridet
513 1240 670 1295 lectio
691 1241 936 1312 vulgata:
965 1243 1152 1306 lambit,
1163 1239 1312 1313 quod

299 1319 468 1392 piures
501 1317 762 1372 editiones
799 1319 1091 1389 proferunt
1105 1359 1122 1384 ,
1157 1317 1310 1372 valde

301 1399 538 1451 usitatum
549 1396 796 1472 poetisde
803 1395 980 1450 fluviis
993 1408 1046 1450 et
1058 1397 1210 1470 aquis
1220 1395 1313 1450 ad·

301 1479 578 1531 luentibus.
591 1479 792 1530 Notum
808 1488 885 1529 est
899 1475 1102 1528 Horatii
1128 1475 1313 1530 Carm.

302 1559 357 1622 1,
405 1577 500 1625 υ,
541 1577 621 1630 7:
673 1583 699 1603 σι
722 1575 842 1628 qu·
888 1555 1005 1608 loca
1049 1556 1317 1608 fabulosus

303 1637 502 1691 Lambit
527 1636 803 1710 Hydaspes
821 1659 865 1688 ο.
895 1665 968 1677 -—
991 1635 1115 1707 Ipse
1143 1637 1316 1686 Amm.

300 1715 526 1770 Marcell.
553 1715 651 1767 lib.
670 1713 840 1766 XVII
860 1752 877 1777 ,
892 1732 1008 1786 cap.
1026 1713 1091 1766 3:
1122 1739 1149 1759 α
1164 1714 1320 1767 Mosa

301 1793 514 1850 fluvius.
535 1793 996 1866 proeterlsmbit-;
1047 1804 1101 1846 et
1143 1792 1320 1855 XXV,

307 1893 394 1928 m:
417 1873 905 1946 -praeterlamberet
925 1873 1134 1926 Tiberis
1160 1873 1322 1924 inter·

302 1971 474 2007 secan·
497 1953 684 2006 urbem
717 1964 970 2005 eternam
987 1978 1028 2005 a.
1065 1951 1320 2004 Priscian.

303 2033 356 2086 in
391 2033 591 2104 Perieg.
629 2051 710 2085 vs.
753 2047 866 2099 99:
907 2029 1105 2083 «istius
1145 2028 1325 2096 unda,

1389 1007 1679 1072 Fulgore-ere
1718 1020 1819 1075 pro
1861 1001 2064 1074 fulgere
2090 999 2317 1056 vidimus
2358 1001 2415 1054 iu

1391 1082 1691 1136 Nemesiani
1710 1082 1938 1135 Halient.
1966 1102 2020 1135 v.
2051 1081 2139 1152 87.
2166 1081 2304 1154 (huj.
2328 1100 2415 1152 op.

1393 1173 1524 1214 tom.
1558 1163 1613 1228 1,
1658 1179 1779 1232 pag.
1820 1161 1940 1213 236.
1973 1161 2110 1228 En.)
2147 1160 2415 1231 Antiquus

1394 1252 1584 1295 auctor
1608 1242 1773 1312 epigr.
1809 1239 1877 1297 de
1912 1239 2077 1293 Musis
2102 1259 2119 1294 :
2158 1266 2185 1286 α
2204 1239 2414 1312 Melpo-

1396 1339 1553 1374 mene
1611 1321 1839 1372 reboans
1906 1317 2112 1389 tragicis
2168 1317 2413 1373 fervescit

1397 1399 1585 1453 iambis
1602 1424 1644 1449 ιι.
1686 1399 1787 1451 Pro
1818 1401 2046 1467 gramine
2092 1397 2422 1451 Lindenhro-

1399 1479 1515 1551 gius
1534 1477 1745 1532 volebat
1768 1480 2018 1546 germine,
2036 1476 2186 1548 quod
2211 1487 2263 1530 et
2296 1496 2424 1529 non-

1400 1557 1536 1610 nulli
1557 1555 1765 1610 codices
1788 1557 2102 1628 praeferunt:
2128 1554 2221 1609 sed
2235 1557 2427 1624 grami-

1402 1657 1466 1688 ne
1501 1635 1571 1689 de
1612 1635 1832 1688 floribus
1873 1635 1929 1687 in
1972 1654 2073 1688 usu
2126 1647 2429 1707 poetarum,

1403 1716 1538 1767 bene
1576 1713 1853 1767 fundatum
1882 1725 1995 1776 est,
2038 1725 2091 1767 et
2130 1712 2199 1766 de
2250 1714 2429 1784 cujus-

1403 1813 1636 1866 cumque
1662 1794 1841 1846 herboe
1865 1793 2131 1858 caulibus,
2159 1793 2329 1856 foliis,
2360 1791 2426 1845 fi·
2495 1809 2504 1816 ‘

1403 1874 1514 1926 bris
1534 1885 1834 1945 usurpatur.
1880 1873 2190 1926 Notavimus
2231 1873 2335 1926 hoc
2362 1871 2434 1926 ad

1407 1953 1663 2025 Calpurn.
1704 1953 1794 2018 11,
1821 1953 1907 2005 32.
1937 1951 2077 2003 Hinc
2101 1969 2311 2019 gramen
2340 1953 2431 2003 ha-

1407 2035 1573 2084 bentes
1591 2035 1766 2084 herbas
1781 2029 1911 2083 dicit
1935 2028 2092 2082 Ovid.
2120 2029 2177 2080 in
2205 2031 2283 2082 lb.
2310 2029 2433 2094 4033

301 2111 504 2164 lambit
551 2123 699 2182 terga
731 2107 866 2176 soli,
908 2127 1018 2180 qua
1059 2127 1117 2161 se
1157 2125 1322 2180 vagus
1387 2113 1613 2177 floreum
1635 2129 1846 2180 gramen
1870 2108 2098 2162 Martini.
2120 2109 2328 2176 1x,91.

301 2190 518 2263 explicat
546 2190 692 2243 orbis
707 2214 752 2240 ιι.
776 2186 1183 2240 En.—Avienus
1222 2186 1325 2240 fre-

303 2279 677 2353 quentissime,
703 2288 765 2329 ut
797 2275 981 2329 Deser.
1019 2275 1151 2328 oth.
1193 2273 1324 2345 575,

304 2364 428 2429 ⁶9⁴,
457 2358 583 2428 951.
611 2358 892 2409 Pnelambit
915 2354 1058 2408 idem
1097 2375 1149 2408 v.
1193 2354 1319 2425 495,

309 2442 458 2509 1076,
487 2438 648 2505 1329.
681 2436 950 2489 Ceterum
982 2432 1217 2487 fluminis
1242 2433 1330 2487 vel

306 2520 401 2571 rivi
423 2514 697 2571 edluentis
733 2514 975 2567 meminit
999 2512 1091 2566 hic
1115 2524 1326 2577 auctor,

307 2596 558 2669 quoniam
587 2606 792 2649 veteres
822 2592 1036 2646 olitores
1075 2591 1328 2644 viciniam

311 2676 406 2731 rivi
435 2676 526 2729 vel
557 2690 709 2747 aqua!
733 2674 966 2725 fontana
994 2669 1061 2724 ad
1087 2670 1331 2723 omnium

312 2757 581 2810 culturam
636 2753 921 2806 hortorum
971 2750 1330 2821 requirebant.

309 2834 445 2889 vide
485 2854 610 2908 qun
654 2850 816 2903 supra
849 2840 1103 2884 notantur
1135 2828 1206 2882 ad
1237 2829 1337 2883 Co-

315 2915 444 2970 lum.
467 2916 629 2967 Hort.
667 2912 752 2965 23.

381 3012 467 3048 ιο.
492 2998 740 3060 &leoque
767 2994 963 3053 ductus,
985 2988 1080 3062 qui
1111 3005 1140 3040 e
1162 2986 1340 3060 proxi·

311 3092 398 3127 mo
432 3076 558 3127 lacu
595 3071 682 3124 vel
715 3089 900 3135 amne,
937 3069 1086 3123 sulco
1119 3068 1341 3134 effosso,

309 3153 572 3207 deductus
607 3164 702 3205 est.
731 3152 868 3204 Nam
897 3150 1062 3203 verbo
1094 3150 1339 3199 deducere

311 3234 392 3287 vel
419 3236 656 3285 fud-cen
697 3242 925 3283 utuntur
953 3238 1122 3301 poeta
1150 3226 1251 3281 hac
1279 3225 1336 3277 in

311 3332 384 3366 re.
411 3312 542 3365 vid.
567 3308 780 3365 colum.
819 3308 973 3361 Hort.
1018 3308 1146 3372 1433
1179 3306 1334 3377 Vir-g.

309 3392 508 3463 θεοῖς.
533 3392 597 3458 1,
627 3392 726 3443 106
747 3426 765 3453 ,
791 3398 844 3441 et
874 3388 950 3439 ib.
972 3405 1024 3438 v.
1051 3389 1170 3455 269.
1192 3384 1334 3467 Hinc

311 3476 544 3525 daiam
560 3472 740 3541 finees
784 3478 940 3521 vocat
971 3484 1056 3539 ep.
1099 3471 1165 3519 61
1215 3464 1336 3515 libi-1

313 3550 402 3605 111
459 3550 677 3603 Anthol.
707 3550 836 3619 Lat.
873 3544 1020 3618 quod
1056 3544 1157 3615 ipsi
1193 3542 1334 3595 infra

311 3628 652 3692 dabimus,et
667 3626 896 3681 Martini.
915 3625 1044 3689 XII,
1067 3624 1129 3677 31
1157 3642 1172 3677 ε
1198 3647 1222 3669 ι
1245 3620 1338 3674 du-

311 3708 438 3761 ctile
462 3706 663 3761 flumen
693 3723 847 3779 aqua
869 3730 914 3755 n.
939 3708 1109 3755 Salem
1141 3700 1226 3753 hic
1265 3698 1341 3753 di-

315 3787 475 3852 citur,
506 3787 600 3859 qui
631 3784 751 3839 aliis
789 3786 998 3836 canatis.
1027 3779 1164 3855 yid.
1188 3780 1338 3851 Calp.

315 3866 398 3931 11,
421 3866 510 3931 35,
535 3870 620 3934 96.

395 3962 484 3997 n.
525 3950 685 3997 notes
734 3946 984 3997 nitescunt
1019 3958 1122 4015 pro
1171 3942 1344 3990 nitent.

321 4023 646 4078 behmtivis
667 4024 851 4078 verbis
885 4038 986 4095 pro
1015 4017 1345 4092 simplicibus

325 4118 468 4174 sepe
485 4114 706 4159 utuntur
729 4100 942 4157 serioris
979 4098 1142 4153 atatis
1162 4106 1346 4170 poete.

1487 2209 1567 2242 η.
1594 2193 1905 2259 Pinguntque
1926 2201 2102 2239 terras.
2127 2191 2327 2239 Terram
2346 2207 2433 2241 re-

1410 2270 1547 2323 ctius
1560 2270 1615 2322 in
1632 2268 1889 2332 Puteano,
1904 2267 2169 2320 vossiano
2190 2277 2243 2319 et
2260 2267 2439 2320 Thus-

1413 2350 1468 2403 ni
1486 2347 1604 2402 cod.
1617 2360 1668 2402 et
1680 2350 1758 2401 sic
1772 2348 1928 2402 etiam
1945 2344 2194 2399 Aldus.-—
2200 2348 2439 2398 Gemmeis

1413 2431 1699 2489 honor-ibus,
1756 2427 1792 2480 i.
1832 2444 1879 2479 e.
1923 2424 2061 2478 foliis
2110 2442 2441 2497 gemmarum

1413 2506 1577 2561 instar
1598 2506 1908 2560 nitentibus.
1924 2504 2013 2557 Sic
2032 2503 2225 2557 florum
2246 2516 2299 2557 et
2318 2504 2442 2558 hor-

1415 2598 1593 2639 torum
1643 2582 2093 2657 pulchritudinem
2142 2586 2442 2656 exprimere

1417 2666 1591 2719 solent
1639 2674 1824 2737 poeto.
1867 2663 2076 2717 Colum.
2123 2662 2277 2715 Hort.
2329 2663 2396 2733 37
2426 2680 2441 2715 :

1419 2771 1446 2791 κ
1469 2762 1583 2816 quo
1640 2742 1811 2797 sidere
1860 2743 2094 2814 primum
2146 2742 2443 2796 Nascantur

1421 2822 1579 2877 flores
1596 2861 1612 2888 ,
1631 2822 1891 2895 Pastiquc
1908 2821 2107 2874 rosaria
2129 2833 2444 2891 gemmentn.

1422 2902 1631 2975 Per-vig.
1659 2903 1800 2954 Ven.
1842 2920 1891 2953 v.
1926 2900 1989 2953 13
2011 2918 2026 2953 ε
2078 2924 2101 2945 ι
2125 2899 2247 2971 Ipsa
2289 2918 2438 2971 gem·

1425 2983 1557 3036 meis
1595 2990 1982 3055 purpurantem
2029 2977 2203 3051 pingit
2242 2998 2445 3033 annum

1425 3062 1649 3116 floribus
1666 3087 1711 3114 n.
1738 3062 1861 3132 Ipse
1888 3060 2167 3112 Vomanus
2196 3058 2248 3112 in
2273 3062 2443 3132 epigr.

1427 3139 1497 3195 de
1540 3152 1771 3213 quatuor
1825 3139 1957 3193 anni
2008 3150 2248 3211 tempest.
2299 3141 2448 3214 apud

1423 3218 1563 3273 Pith-
1587 3219 1679 3273 lib.
1700 3219 1803 3284 Iv,
1840 3237 1897 3291 p.
1923 3235 2054 3287 170:
2094 3242 2121 3263 ιι
2142 3218 2254 3271 Ver
2272 3220 2450 3291 pingit

1422 3300 1575 3354 vario
1582 3298 1903 3370 gemmantia
1916 3309 2063 3369 prata
2077 3297 2253 3353 colore
2266 3302 2451 3355 ..--Et

1424 3378 1530 3434 vid.
1552 3378 1731 3431 Valer.
1754 3378 1886 3431 Cato
1906 3376 1961 3427 in
1980 3376 2140 3441 Diris,
2164 3398 2215 3431 v.
2234 3381 2317 3433 ²3.
2344 3382 2449 3437 Eu.

1499 3478 1522 3513 1
1532 3461 1584 3513 3.
1600 3463 1734 3529 Apes
1744 3475 1935 3509 susurro
1942 3473 2263 3511 mamm-ane.
2271 3460 2449 3532 Apum

1421 3538 1747 3593 mentionem
1786 3536 1916 3588 facit
1934 3573 1952 3599 ,
1985 3536 2113 3607 qnia
2152 3538 2353 3609 apiaria
2393 3540 2451 3594 in

1423 3616 1713 3682 hortis,vel
1734 3615 1902 3668 hortis
1922 3614 2115 3679 vicina,
2135 3619 2453 3688 statuebant,

1425 3709 1487 3751 ut
1510 3697 1768 3750 haberent
1807 3712 1930 3767 apes
1958 3693 2150 3747 florum
2190 3707 2241 3748 et
2266 3697 2457 3753 herha-

1426 3794 1553 3829 rum
1584 3776 1790 3846 copiam
1832 3772 2100 3826 mellificio
2139 3777 2451 3833 exercendo.

1429 3853 1735 3925 videvirg.
1761 3851 1954 3925 Georg.
1974 3852 2077 3916 IV,
2110 3870 2225 3921 ¹09·
2250 3860 2455 3909 Susum

1431 3946 1738 3986 mamm-ane
1767 3935 1861 3983 levi
1886 3950 2128 4002 expressa
2151 3931 2399 3987 videntur
2423 3955 2455 3987 e

1432 4012 1729 4084 virgiliano
1747 4010 1886 4077 1000,
1916 4010 2032 4063 Ecl-
2064 4010 2116 4073 1,
2145 4008 2237 4064 56:
2259 4030 2453 4085 caepa

1435 4090 1665 4165 Hybluis
1701 4088 1890 4162 apibus
1915 4088 2103 4142 florem
2124 4086 2345 4163 depasta
2374 4110 2456 4146 ss·
