2964 4690
555 374 695 465 334
1054 380 1611 449 EDITIONES
1663 381 2163 451 SYMPOSII.

637 512 870 575 timum
894 508 1215 573 Anchoroe
1248 510 1443 575 titulo
1470 511 1854 599 inscriptum
1893 528 2008 575 est.
2034 511 2322 575 Primum
2353 534 2422 575 se
2446 535 2676 577 eorum

638 615 951 680 editorem
986 637 1125 680 esse
1142 663 1161 692 ‚
1194 615 1331 703 ipse
1376 616 1501 679 sibi
1539 617 1859 703 persuasit
1901 617 2174 682 Castalio
2193 666 2212 699 ,
2261 632 2337 681 ut
2377 633 2554 705 patet
2599 642 2680 682 ex

636 722 773 802 ejus
822 718 1223 784 dedicatione
1270 720 1488 785 libello
1536 719 1813 808 praefixa.
1864 721 1942 784 In
1982 745 2111 809 qua
2145 722 2338 787 etiam
2369 737 2640 787 testatur
2653 772 2672 803 ,

636 825 910 891 edidisse
942 848 1011 889 se
1043 826 1377 915 aenigmam
1412 826 1735 914 Symposii
1779 850 1814 891 e
1853 826 2074 892 codice
2113 828 2230 892 MS
2271 828 2448 892 miroe
2485 843 2676 893 vetu-

634 934 846 1013 statis,
866 932 935 996 in
962 955 1096 1020 quo
1118 931 1415 1014 adjuncta
1452 947 1636 996 erant
1671 932 1750 997 ad
1774 933 2074 997 Venantii
2097 934 2433 1013 Fortunati
2455 956 2671 1022 opera.

634 1037 1061 1103 Luculentam
1110 1037 1246 1118 ejus
1298 1036 1451 1101 edit.
1499 1036 1996 1127 descriptionem
2035 1037 2216 1104 dedit
2249 1041 2532 1105 Irenoeus
2565 1042 2675 1105 Bi-

632 1146 988 1234 bliophilus
1017 1145 1085 1208 in
1118 1144 1528 1209 Schelhornii
1557 1149 1810 1211 Amoen.
1844 1145 2012 1210 liter.
2047 1161 2206 1210 tom.
2241 1147 2338 1229 ΙΙ,
2370 1170 2436 1235 p.
2475 1146 2625 1226 485.

543 1365 687 1429 vll.
740 1362 1103 1452 Repetitam
1159 1384 1297 1427 esse
1345 1362 1516 1426 hanc
1571 1362 1922 1426 editionem
1980 1364 2198 1425 Romae
2261 1359 2420 1447 1597
2479 1357 2674 1425 tradit

631 1468 994 1551 Fabricius,
1044 1455 1205 1534 Bibl]
1240 1469 1375 1533 Lat.
1409 1468 1535 1532 vol.
1565 1468 1707 1547 111,
1768 1490 1909 1556 pag.
1963 1488 2084 1552 271
2113 1512 2132 1546 ‚
2194 1482 2258 1529 et
2299 1464 2672 1554 sigebertus

631 1578 1105 1665 Havercampus
1153 1574 1544 1639 Heumanno
1597 1588 1862 1637 testatus
1911 1588 2008 1636 est
2059 1594 2174 1659 per
2223 1570 2435 1635 literas
2489 1572 2668 1658 (vid.

632 1682 770 1761 ejus
820 1682 1006 1745 Praef.
1056 1702 1197 1769 pag.
1253 1678 1505 1765 XLIX)
1559 1678 1862 1741 habuisse
1911 1698 1979 1739 se
2035 1679 2102 1739 in
2154 1677 2452 1741 manibus
2497 1676 2670 1741 illam

628 1788 851 1850 Romae
882 1808 937 1848 a.
982 1782 1145 1870 1597
1180 1785 1447 1863 factam,
1492 1804 1764 1869 eamque
1799 1782 1866 1843 in
1903 1779 2324 1864 duodecimn,
2363 1798 2436 1847 ut
2471 1782 2670 1871 vulgo
2719 1848 2724 1857 ,

627 1890 1025 1978 loquuntur,
1062 1887 1444 1975 exscriptam
1493 1907 1652 1951 esse.
1690 1886 2064 1973 Utcumque
2106 1906 2260 1949 vero
2293 1886 2432 1950 haec
2467 1886 2670 1952 editio

628 1994 895 2083 repetita
936 1992 1286 2075 exstiterit,
1330 2014 1465 2056 non
1511 1989 1770 2055 videtur
1812 1990 2110 2055 habuisse
2157 1990 2398 2055 scholia
2443 1992 2670 2057 Casta-

629 2100 859 2181 lionis‚
896 2119 1017 2162 nec
1047 2097 1128 2161 ab
1165 2097 1307 2185 ipso
1346 2096 1708 2161 Castalione
1747 2114 1982 2161 curata.
2030 2099 2154 2162 Hic
2195 2100 2369 2162 enim
2401 2100 2668 2164 alteram

626 2208 977 2273 editionem
1012 2204 1217 2269 serius
1251 2204 1534 2285 curavit,
1565 2221 1910 2292 postquam
1951 2204 2348 2268 Pithoeanam
2383 2204 2669 2287 viderat,

628 2333 901 2401 eamque
947 2308 1205 2374 scholiis
1256 2330 1392 2374 non
1440 2307 1602 2373 nihil
1649 2307 1848 2373 modo
1888 2308 2126 2390 auctis,
2179 2307 2378 2374 modo
2429 2309 2670 2375 immu-

626 2419 769 2483 tatis
800 2417 1122 2481 instruxit.
1160 2415 1360 2494 Cujus
1393 2415 1502 2480 hic
1535 2416 1761 2479 titulus
1791 2432 1926 2480 est:

711 2526 1087 2610 AEntgmata
1109 2521 1422 2610 Symposc‘i
1430 2569 1449 2599 ‚
1465 2536 1674 2610 poetoe
1693 2525 1949 2601 veter-125,
1985 2544 2130 2586 cum
2150 2523 2400 2587 scholiis
2417 2527 2667 2588 auctio-

623 2629 793 2694 n‘bus
827 2629 1085 2717 Ioseplu‘
1132 2626 1506 2692 Castaliom's
1520 2675 1541 2710 ‚
1586 2627 1639 2690 J
1634 2676 1650 2691 .
1707 2625 1776 2692 C.
1819 2629 2128 2709 Romani,
2173 2630 2514 2718 elogiisque
2547 2633 2666 2696 do-

624 2738 1042 2802 ctissimorum
1084 2733 1370 2798 virorum
1414 2733 1496 2797 de
1541 2733 1885 2822 Symposio,
1923 2733 2137 2798 Romoe
2171 2736 2350 2823 apud
2385 2735 2668 2800 hcet-edes

624 2841 876 2927 Aloysii
903 2841 1182 2904 Zameti
1217 2838 1378 2926 1607
1399 2887 1418 2920 ,
1443 2839 1778 2932 sumptibus
1803 2839 1966 2904 Julii
1993 2842 2057 2904 F
2053 2841 2440 2905 rancischini
2447 2890 2467 2924 ,
2501 2841 2662 2920 ἱππ-4.

710 2950 1033 3014 Contenta
1080 2946 1217 3026 ejus
1252 2945 1554 3009 editionis
1589 2945 1778 3034 plene
1814 2945 2154 3035 descripsit
2195 2949 2624 3012 Heumannus
2645 2999 2664 3030 ,
2805 3000 2812 3009 .

511 3057 515 3062 ’
623 3055 883 3119 Poeciles
916 3051 1072 3115 tomi
1102 3051 1163 3113 11
1192 3048 1358 3114 libro
1392 3051 1455 3131 1,
1489 3073 1630 3140 pag.
1670 3073 1792 3137 109
1823 3073 1958 3139 seq.
1989 3051 2307 3141 sigillatim
2336 3053 2666 3140 praefatio-

625 3182 774 3224 nem
816 3153 1229 3236 Castalionis,
1266 3171 1333 3219 et
1367 3153 1714 3219 doctorum
1753 3156 2040 3220 virorum
2079 3155 2354 3245 Sigonii,
2391 3157 2664 3224 Victorii

622 3283 687 3330 et
715 3259 995 3329 Pontani
1024 3260 1105 3325 de
1130 3260 1231 3324 his
1261 3259 1708 3351 aenigmatibus
1739 3271 1998 3342 ἐπικρίσεις
2025 3262 2303 3327 exhibet.

534 3464 714 3528 VIII.
766 3463 989 3526 Petrus
1038 3461 1316 3526 Pithaeus
1358 3463 1532 3525 inter
1575 3461 1898 3526 Poematia
1945 3478 2166 3526 vetera
2209 3463 2406 3527 Paris.
2459 3464 2658 3550 1590,

622 3569 810 3632 in-12
830 3615 846 3642 ‚
882 3566 1087 3648 edita,
1112 3589 1254 3654 pag.
1281 3569 1410 3645 404
1430 3614 1448 3646 ,
1480 3567 1618 3630 haec
1643 3567 2012 3656 AEnigmata
2033 3569 2156 3632 sub
2184 3569 2452 3633 nomine
2483 3570 2538 3634 C
2535 3569 2669 3634 oelii

620 3673 972 3760 Synpkosd
996 3670 1375 3759 proposuit,
1413 3689 1477 3735 et
1510 3673 1576 3736 in
1612 3672 1764 3737 edit.
1805 3671 2104 3763 Lugdun.
2138 3673 2311 3762 apud
2343 3674 2654 3740 Iacobum

622 3780 915 3858 Chouet‚
968 3775 1135 3862 1596
1156 3825 1173 3858 ,
1224 3800 1365 3867 pag.
1423 3776 1571 3856 534.
1629 3777 2072 3843 Genevensem
2123 3779 2318 3858 hujus
2370 3781 2658 3870 Syllogcs

616 3885 967 3951 editionem
1011 3884 1164 3946 anni
1213 3883 1376 3970 1619
1409 3884 1546 3972 ipse
1585 3907 1718 3948 non
1758 3884 1909 3949 vidi.
1945 3885 2220 3950 Castalio
2259 3885 2382 3949 hac
2423 3886 2655 3951 Pithoei

618 3991 898 4058 editione
935 4009 1092 4054 usus
1124 4007 1257 4064 est,
1292 3989 1562 4078 ejusque
1591 3991 1904 4056 variantes
1939 3992 2248 4056 lectiones
2287 3990 2657 4056 adnotatio—

618 4099 809 4162 nibus
846 4097 979 4161 suis
1010 4097 1079 4160 in
1113 4096 1527 4184 symposium
1560 4097 1850 4162 inseruit.
