2964 4690
223 491 306 510 m
319 492 1190 515 mmmmmmmmm§
1196 498 1252 516 νδ
1261 499 1345 516 m
1352 500 1624 519 ΜΒἏἉΊ
1630 502 2356 532 ΜΜἏὯΜΜΜἏἍΒἏὭ

711 771 1891 903 PROOEMIUM.

683 1052 746 1134 ὓ

1295 1088 1695 1122 Φω-

223 1301 634 1402 Cunnum
665 1331 750 1395 de
773 1332 865 1393 Re
883 1331 1174 1394 hortensi
1208 1347 1273 1394 et
1296 1332 1569 1396 villatica
1589 1331 1889 1420 Syllogen
1908 1381 1925 1414 ,
1951 1335 2205 1421 qualem
2228 1316 2361 1418 jam

231 1438 528 1518 edimus,
562 1437 784 1525 plures
811 1437 1142 1524 superiore
1174 1460 1308 1501 aevo
1333 1438 1452 1500 viri
1481 1435 1717 1500 eruditi
1740 1437 2172 1524 adornarunt,
2206 1467 2364 1531 quo-

231 1567 384 1608 rum
427 1543 730 1630 inprimis
763 1558 889 1606 tres
923 1541 1352 1607 nominandos
1381 1543 1511 1605 hoc
1542 1543 1608 1604 in
1642 1541 2099 1610 dissertationis
2128 1566 2363 1614 nostrae

237 1648 517 1711 introitu
539 1662 868 1734 putamus.
892 1645 1148 1708 Primus
1168 1661 1264 1708 est
1275 1646 1308 1708 J
1312 1645 1560 1708 odocus
1574 1646 1963 1731 Willichius,
1986 1651 2101 1736 qui
2124 1651 2195 1715 P.
2228 1653 2295 1716 V
2290 1655 2368 1717 in-

235 1752 382 1839 gilii
409 1753 708 1815 Maronis
757 1749 1078 1836 Opuscula
1127 1749 1424 1837 quoedam
1466 1749 1545 1812 de
1588 1751 1679 1814 Re
1718 1751 1995 1816 hortensi
2007 1802 2025 1835 ,
2072 1755 2365 1822 videlicet

243 1856 482 1920 Hor-tul
489 1879 600 1918 um
613 1905 632 1938 ,
643 1855 974 1919 Moretum
987 1903 1005 1936 ,
1025 1869 1091 1917 et
1107 1855 1338 1916 Rosam
1355 1901 1374 1933 ,
1393 1875 1536 1917 cum
1548 1877 1745 1917 comm
1752 1860 2005 1920 entur-iis
2019 1860 2149 1922 suis
2165 1861 2368 1927 edidit

243 1963 536 2040 Basileae‚
565 1983 682 2048 per
705 1963 800 2022 Io.
829 1960 1192 2046 oporinum
1210 2007 1228 2040 ,
1258 1981 1466 2041 anno,
1501 1982 1697 2046 quem
1733 1959 2049 2026 dedicatio
2077 1967 2365 2053 praefert,

253 2065 454 2146 1545,
503 2065 674 2129 in-8.
717 2064 900 2127 Alter
931 2062 1219 2126 Andreas
1256 2064 1524 2126 Rivinus
1564 2064 2009 2131 collectionem
2048 2071 2367 2148 ejusmodi

243 2171 392 2233 satis
417 2169 695 2256 amplam
723 2168 1056 2250 instruxit,
1079 2183 1144 2232 et
1169 2169 1393 2255 Lipsiae
1430 2191 1579 2231 ann.
1615 2167 1801 2245 1655,
1828 2172 1999 2253 ἑτι-8,
2020 2172 2221 2240 edidit
2242 2179 2364 2241 sub

244 2276 470 2338 titulo:
511 2277 608 2338 As
644 2288 922 2337 veterum
945 2272 1388 2336 nonnullorum
1408 2321 1427 2355 ,
1465 2288 1540 2337 ut
1568 2287 1628 2337 et
1668 2275 1891 2338 mede'oe
1931 2285 2369 2372 vergenttlsque

241 2386 452 2447 aetatis
469 2429 491 2460 ,
517 2384 886 2469 scriptorum
893 2378 1048 2467 stre
1070 2383 1456 2443 metricorum
1486 2396 1547 2443 et
1565 2382 1944 2446 medicorum
1964 2434 1981 2461 ,
2014 2387 2093 2449 de
2116 2387 2205 2451 Re
2227 2390 2365 2453 her-

243 2488 443 2549 baria.
487 2486 566 2548 In
601 2508 728 2573 qua
763 2486 892 2548 XII
925 2486 1296 2572 scriptores,
1337 2502 1412 2548 ut
1447 2486 1799 2550 Columella
1832 2487 1915 2552 de
1955 2491 2151 2555 Cultu
2194 2495 2365 2559 hort.

243 2591 568 2655 Palladius
610 2590 691 2654 de
731 2592 913 2654 Insit.
951 2614 1100 2654 cum
1155 2592 1424 2654 aliorum
1469 2592 1757 2655 villaticis
1803 2597 2064 2659 carmin.
2116 2616 2179 2661 et
2230 2602 2365 2689 epi-

239 2720 508 2787 gramm.
568 2694 904 2759 walafridi
946 2696 1156 2759 Strabi
1210 2696 1525 2758 Hor-tulus
1582 2706 1729 2759 cum
1786 2700 1862 2761 A.
1922 2700 2095 2786 Sept.
2142 2704 2365 2768 Sereni

237 2804 538 2880 Moreto,
581 2800 798 2865 Macer
842 2799 924 2863 de
967 2801 1226 2863 Viribus
1261 2800 1643 2881 herbarum,
1682 2824 1831 2864 cum
1875 2802 2226 2891 adpendice
2249 2859 2265 2890 ,
2304 2828 2370 2873 et

237 2909 458 2993 plures
495 2906 604 2969 alii
641 2905 1016 2969 recentioris
1052 2906 1164 3005 aevi
1184 2954 1200 2985 ,
1249 2905 1699 2985 continentur,
1759 2929 1923 2992 quos
1977 2909 2205 2974 ordine
2264 2937 2365 2977 re-

233 3028 460 3075 censet
495 3012 827 3075 Gesnerus
872 3010 940 3073 in
986 3009 1208 3073 Indice
1259 3009 1616 3073 editionum
1655 3009 1736 3072 ad
1782 3011 2009 3099 Script.
2058 3016 2171 3079 Rei
2204 3036 2363 3083 rust.

235 3140 380 3204 pag.
405 3120 518 3201 47.
539 3117 688 3179 Hoc
710 3137 877 3201 opus
895 3114 1291 3177 rarissimum
1309 3114 1579 3177 inventu
1602 3132 1697 3179 est
1715 3162 1733 3196 ,
1761 3131 1825 3178 et
1846 3116 1951 3179 vix
1973 3141 2009 3179 a
2033 3142 2365 3208 quoquam

227 3238 574 3308 repertum
610 3236 709 3283 est
741 3222 1064 3309 integrum
1082 3267 1100 3300 ,
1123 3218 1506 3306 videturque
1546 3221 1625 3283 ab
1663 3238 1924 3285 auctore
1954 3228 2369 3294 tumultuaria

229 3326 428 3411 plane
473 3346 672 3411 opera
713 3324 1052 3388 collectum
1075 3372 1094 3404 ,
1130 3338 1195 3386 et
1226 3345 1344 3410 per
1373 3340 1585 3409 partes
1614 3324 1975 3411 multasque
2009 3328 2365 3420 intercape-

225 3428 424 3493 dines
483 3428 762 3509 editum,
805 3430 894 3492 ita
929 3428 1230 3515 quidem,
1271 3446 1382 3508 ut,
1426 3420 1633 3515 quum
1683 3452 1827 3515 quae
1871 3430 2039 3497 edita
2085 3438 2365 3504 subinde

227 3550 456 3597 essent
474 3580 492 3614 ,
525 3534 1036 3597 distraherentur
1061 3550 1244 3614 ante,
1273 3555 1464 3619 quam
1502 3550 1796 3597 extremae
1828 3553 2037 3623 partes
2072 3543 2367 3607 accessis-

223 3656 414 3721 sent,
453 3662 659 3727 pauca
702 3638 1057 3703 admodum
1094 3640 1476 3727 exemplaria
1519 3640 1763 3728 integra
1796 3658 1861 3704 et
1904 3644 2035 3705 suis
2074 3648 2363 3730 partibus

221 3747 536 3810 absoluta
561 3745 950 3825 confierent,
974 3744 1160 3833 plura
1191 3745 1629 3833 reperirentur
1652 3744 1873 3810 mutila
1892 3764 1958 3811 et
1969 3748 2362 3836 imperfecta.

221 3852 483 3916 Docuit
503 3874 608 3915 me
628 3852 758 3916 hoc
795 3853 847 3915 J.
887 3851 969 3913 N.
1004 3850 1317 3913 Niclasius
1347 3850 1424 3913 V.
1461 3852 1533 3913 C.
1564 3867 1757 3938 atque
1786 3874 1821 3915 e
1848 3855 2113 3940 proprio
2146 3878 2363 3922 exem-

217 3958 390 4044 plari
441 3958 584 4037 ejus
653 3958 802 4020 libri
850 3956 1180 4043 probavit,
1235 3954 1412 4041 quod
1463 3977 1581 4040 per
1641 3956 1857 4020 omnia
1908 3980 2059 4021 cum
2111 3961 2280 4026 libro
2327 3988 2366 4027 a

215 4062 532 4125 Gesnero
575 4060 904 4147 descripto
956 4058 1289 4138 convenit,
1343 4057 1457 4120 sed
1494 4059 1561 4121 in
1606 4058 1733 4122 fine
1772 4061 2075 4125 mutilum
2120 4082 2251 4147 est,
2292 4090 2367 4131 ac

213 4184 488 4231 tantum
541 4188 754 4252 usque
792 4162 874 4227 ad
919 4163 1174 4227 initium
1219 4162 1366 4225 libri
1400 4162 1647 4227 Scholae
1690 4164 1929 4227 Salern.
1972 4168 2067 4229 De
2105 4190 2365 4234 conser-

2070 4296 2125 4338 ι.
