2964 4690
481 374 619 455 324
1222 358 1860 465 PROOEMIUM

476 503 661 567 mitto
698 501 881 589 plura
917 496 999 561 (le
1032 510 1297 571 auctore
1346 492 1724 555 lemmatum
1771 488 2002 554 dicere.
2055 485 2390 551 Summam
2440 496 2618 545 certe

480 606 927 693 antiquitatem
976 600 1213 663 horum
1264 596 1602 663 titulorum
1651 616 1831 675 esse,
1881 590 2060 657 haud
2103 589 2384 655 obscure
2411 587 2618 677 signi-

480 712 627 791 ficat
649 709 1023 801 sigebertus
1047 701 1527 777 Gemblacensis
1545 748 1564 783 ,
1598 700 1710 787 qui
1735 698 1802 761 in
1833 692 2616 781 Aldhelmufiymposium

477 818 567 883 ait
598 840 720 904 per
742 815 1243 903 prosopopoeiam
1288 805 1630 895 qualitates
1679 802 2066 889 singularum
2109 822 2318 867 rerum
2361 820 2620 885 expres-

481 928 657 999 szlsse,
693 920 820 981 hoc
851 932 984 995 est,
1023 914 1191 1001 ipsas
1226 933 1326 975 res
1361 909 1443 973 de
1476 930 1544 971 se
1577 924 1644 971 et
1675 905 2088 993 qualitatibus
2111 902 2250 971 suis
2277 902 2622 989 loquentes

484 1026 815 1091 induxisse
864 1024 929 1085 in
966 1015 1434 1105 aenigmatibus.
1474 1016 1628 1079 Haec
1659 1035 1812 1079 vero
1847 1009 2291 1101 prosopopoeia
2321 1030 2544 1074 rerum
2583 1028 2624 1075 a

486 1115 837 1197 lectoribus
872 1123 1137 1211 intelligi
1168 1144 1301 1185 non
1335 1120 1580 1208 potuit,
1619 1118 1741 1181 nisi
1779 1140 1868 1181 eae
1899 1116 2255 1204 antiquitus
2289 1130 2622 1200 tamquam

488 1248 735 1319 πρόσωπα
786 1229 1169 1297 nominatim
1230 1226 1498 1313 singulis
1555 1224 1815 1289 fuerant
1861 1221 2238 1310 praepositae.
2293 1217 2540 1283 Pariter
2587 1240 2626 1281 e

488 1342 699 1407 verbis
730 1335 1043 1427 sigeberti
1073 1332 1433 1421 colligitur,
1474 1346 1725 1399 rectum
1755 1347 1820 1394 et
1849 1330 2190 1416 antiquum
2226 1326 2446 1392 titulos
2473 1347 2628 1391 eon-

488 1443 786 1536 signandi
836 1440 1107 1507 modum
1148 1460 1327 1518 esse,
1370 1437 1484 1525 qui
1533 1436 1600 1511 fit
1646 1438 1712 1499 in
1758 1458 1910 1501 casu
1949 1436 2195 1523 primo,
2239 1455 2298 1497 e.
2343 1454 2404 1520 g.
2457 1428 2625 1496 Gra»

478 1553 703 1641 phium
732 1598 751 1629 ,
798 1546 1049 1625 arundo
1068 1594 1089 1627 ,
1143 1544 1357 1609 clavis,
1413 1542 1578 1610 Nam
1625 1542 1679 1605 si
1723 1559 1904 1610 sexto
1949 1563 2102 1607 casu
2149 1554 2511 1627 ponuntur,
2545 1538 2628 1601 de

484 1656 756 1747 graphio
776 1700 795 1735 ,
832 1653 909 1717 de
940 1649 1290 1730 arundine,
1324 1648 1404 1711 de
1436 1647 1646 1729 clave,
1679 1645 2016 1734 quomodo
2051 1646 2118 1711 in
2153 1644 2380 1711 codice
2415 1644 2632 1731 primo

492 1761 853 1850 Anglicano
894 1758 1138 1821 factum
1183 1776 1322 1827 esse
1367 1756 1796 1820 Heumannus
1829 1755 1896 1816 in
1939 1752 2158 1819 adnot.
2197 1751 2282 1815 ad
2309 1773 2430 1813 aen.
2467 1752 2496 1814 1
2529 1764 2628 1813 te-

498 1884 725 1947 statur,
763 1881 903 1939 tum
940 1862 1249 1925 contrarii
1280 1877 1437 1925 sunt
1470 1860 1983 1948 prosopopoeiae,
2031 1880 2176 1947 quae
2225 1874 2324 1922 est
2367 1856 2434 1920 in
2467 1856 2630 1919 oeni-

500 1971 823 2063 gmatibus
842 2018 861 2051 ‚
894 1984 959 2031 et
992 1965 1174 2054 quasi
1207 1964 1512 2053 poeta=de
1545 1964 1622 2037 iis
1651 1966 1976 2051 loquatur,
2011 1962 2369 2052 signifioere
2405 1960 2632 2027 viden·-

496 2098 621 2145 tur.
680 2079 1001 2141 Caeterum
1061 2094 1195 2157 quo
1248 2070 1451 2157 magis
1503 2071 1744 2134 variare
1791 2071 2013 2135 titulos
2062 2086 2128 2134 et
2175 2069 2496 2157 corrigere
2547 2067 2634 2131 ad

499 2206 759 2249 sensum
800 2202 997 2254 suum
1038 2175 1435 2243 studuerunt
1477 2175 1756 2257 librarii,
1801 2177 1927 2243 hoc
1969 2176 2168 2265 magis
2213 2174 2368 2239 inde
2401 2172 2631 2237 confici

498 2289 777 2368 videtur,
810 2286 1113 2372 antiquos
1146 2304 1283 2349 esse
1316 2280 1539 2344 titulos
1559 2328 1578 2364 ,
1615 2298 1682 2348 et
1711 2282 1793 2351 ab
1825 2284 1968 2371 ipso
1993 2298 2260 2348 auctore
2285 2279 2630 2371 profectos.

592 2397 1021 2465 Heumannus
1074 2403 1379 2478 praeterea
1430 2388 1756 2477 Symposii
1809 2390 2146 2478 aenigmata
2197 2389 2264 2451 in
2319 2385 2632 2474 quasdam

500 2503 728 2566 classes
776 2498 875 2562 vel
918 2517 1153 2584 genera
1192 2489 1447 2577 divisit,
1494 2517 1639 2582 quae
1685 2496 1966 2561 breviter
2007 2495 2115 2558 hic
2159 2493 2443 2558 indicare
2481 2493 2636 2556 satis

500 2606 642 2670 erit.
688 2604 858 2670 Nam
898 2602 1017 2667 alia
1050 2601 1182 2680 jam
1224 2600 1378 2664 olim
1422 2599 1582 2664 dicit
1621 2600 1686 2666 in
1723 2603 1954 2690 vulgus
1991 2617 2185 2680 nota,
2223 2599 2518 2686 adeoque
2551 2598 2638 2662 ab

500 2726 761 2778 auctore
823 2729 959 2770 non
1018 2707 1371 2794 excogitata
1394 2753 1413 2787 ‚
1475 2705 1590 2770 sed
1649 2722 1904 2770 tantum
1961 2707 2028 2770 in
2094 2727 2320 2770 versus
2377 2703 2636 2768 redacta

505 2815 742 2894 fuisse3
790 2811 906 2875 alia
957 2811 1157 2898 ipsius
1208 2811 1490 2874 auctoris
1539 2811 1802 2900 ingenio
1853 2810 2083 2876 efficta.
2135 2811 2421 2898 Antiqua
2465 2833 2639 2874 non-

502 2920 679 2984 nulla
710 2935 775 2982 et
796 2915 1057 2980 dudum
1092 2933 1247 2980 nota
1278 2915 1690 3003 Symposium
1717 2917 2082 3005 repetiisse,
2114 2917 2214 2981 vel
2238 2917 2452 2981 solum
2475 2915 2640 2979 illud

503 3050 623 3092 aen.
658 3022 849 3098 XXX
882 3022 960 3098 de
996 3021 1307 3086 Pediculis
1332 3023 1603 3109 probet,
1637 3023 1821 3111 quod
1849 3025 2006 3090 olim
2041 3025 2330 3088 Homero
2355 3047 2390 3088 a
2419 3023 2640 3111 pueris

510 3128 899 3219 quibusdam
942 3127 1367 3214 piscatoribus
1398 3130 1808 3215 propositum
1839 3127 2212 3194 Herodotus
2244 3130 2310 3192 in
2344 3130 2472 3192 vita
2501 3129 2642 3192 Ho-

512 3236 673 3300 meri
706 3249 939 3310 narrat.
974 3232 1069 3296 De
1102 3231 1276 3313 aliis,
1315 3253 1459 3319 quae
1485 3233 1750 3320 antiqua
1775 3233 1942 3318 sint,
1974 3249 2040 3298 et
2063 3256 2208 3321 quae
2231 3257 2268 3298 a
2295 3233 2644 3322 Symposio

510 3341 793 3428 primum
848 3339 1105 3402 inventa
1130 3385 1149 3418 ‚
1201 3338 1305 3400 vix
1356 3354 1608 3404 certum
1655 3339 1989 3425 exquirere
2038 3355 2104 3404 et
2151 3355 2433 3406 statuere
2467 3339 2638 3402 licet.

510 3442 709 3508 Aliud
765 3443 1191 3508 Heumannus
1248 3441 1594 3508 discrimen
1655 3445 1991 3508 constituit
2045 3445 2216 3508 inter
2269 3445 2602 3531 oenigmata
2622 3491 2642 3524 ‚

512 3571 657 3636 quae
688 3563 845 3612 sunt
865 3549 1151 3636 vulgaria
1178 3563 1243 3610 et
1268 3548 1514 3636 plebeia
1531 3595 1550 3630 ,
1587 3549 1830 3614 nullam
1855 3565 2059 3614 artem
2085 3550 2186 3613 vel
2209 3547 2642 3612 eruditionem

510 3652 903 3734 redolentia3
944 3669 1010 3715 et
1050 3653 1168 3718 alia
1202 3651 1453 3718 erudita
1474 3701 1492 3734 ,
1529 3676 1672 3740 quae
1715 3669 1870 3716 sunt
1914 3652 2202 3718 cultioris
2245 3653 2508 3743 ingenii.
2545 3651 2648 3716 Ad

512 3758 763 3826 erudita
790 3756 1109 3846 praecipue
1140 3759 1339 3824 refert
1354 3807 1371 3840 ‚
1410 3783 1556 3846 quae
1581 3759 2070 3846 homonymiam
2095 3760 2270 3823 vocis
2295 3758 2646 3842 occultant,

516 3890 573 3929 e.
606 3886 665 3952 g.
701 3886 773 3945 2,
806 3863 885 3927 32
908 3912 927 3945 ,
953 3868 1036 3941 42
1058 3913 1075 3940 ,
1103 3863 1221 3928 82:
1252 3863 1422 3928 addo
1446 3865 1636 3928 etiarn
1668 3887 1774 3945 ea,
1810 3887 1956 3952 quae
1987 3865 2068 3929 ad
2095 3881 2338 3952 partem
2365 3866 2650 3930 historiae

510 3971 609 4034 vel
644 3969 1060 4058 mythologiae
1084 3969 1476 4056 respiciunt,
1509 3969 1720 4056 qualia
1751 3984 1907 4038 sunt
1938 3968 2050 4053 25,
2083 3970 2202 4049 26,
2233 3969 2313 4034 32
2333 4020 2352 4052 ,
2383 3970 2498 4052 48,
2525 3969 2612 4034 63
2633 4018 2651 4050 ,

508 4075 630 4162 73,
667 4076 785 4160 82,
838 4073 945 4140 83.
988 4073 1340 4162 Optimum'
1368 4076 1665 4140 omnium
1711 4093 1906 4163 atque
1944 4076 2508 4140 exasciatissimum
2543 4075 2652 4140 ille
