2964 4690
480 359 569 402 22
1238 333 1843 404 PROOEMIUM

480 465 650 529 forte
672 462 755 528 ad
781 463 996 528 lusum
1027 484 1178 526 cum
1197 464 1414 527 omine
1441 481 1509 528 et
1529 465 1863 530 notatione
1882 464 1985 527 sui
2004 464 2287 528 nominis
2306 511 2323 545 ,
2346 463 2451 542 cui
2488 461 2607 526 flo-

481 570 568 634 ris
594 569 882 658 primarii
905 568 1308 656 frequentata
1319 569 1603 634 laudatio
1630 570 1795 634 belle
1820 567 2273 655 respondebat.
2300 566 2448 632 Etsi
2466 589 2613 656 pro-

481 677 628 764 pius
651 695 1014 762 quaeramus
1041 692 1282 738 nomen
1308 675 1636 763 integrum
1658 724 1676 757 ,
1698 690 1765 738 et
1789 688 2057 755 statum,
2077 689 2142 738 et
2158 689 2407 737 aetatem
2426 674 2609 737 istius

481 783 655 846 Flori
671 828 690 862 ,
713 804 850 845 non
878 781 1039 846 alius
1059 780 1352 870 profecto
1367 796 1466 849 est
1485 830 1503 863 ,
1530 802 1727 868 quam
1750 783 1821 845 L.
1842 779 2064 843 Vinius
2081 781 2369 859 Fnonus,
2394 780 2469 842 C.
2492 779 2608 842 Vi·

481 888 572 952 bii
587 887 978 952 Treboniani
1009 887 1194 970 Galli,
1209 887 1488 976 Augusti
1506 887 1646 952 Lib.
1665 887 1781 974 qui
1802 909 1955 950 cum
1976 885 2256 974 conjuge
2277 905 2393 949 sua
2422 885 2608 948 Vibia

487 992 826 1058 Chelidone
855 993 923 1056 in
957 993 1226 1079 antiquo
1259 991 1470 1081 lapide
1502 992 1765 1058 Gruteri
1785 1040 1801 1073 ,
1828 1015 1891 1080 p.
1925 1013 1951 1054 1
1971 1015 1997 1054 ι
2014 995 2091 1069 14
2110 1040 2128 1073 ,
2156 1014 2224 1055 n.
2262 989 2332 1072 3,
2360 1011 2611 1054 memo·-

485 1114 686 1180 ratur,
703 1114 899 1186 atque
930 1096 1014 1164 ad
1039 1120 1278 1163 nomen
1309 1099 1531 1162 uxoris
1550 1120 1679 1162 suae
1698 1098 1765 1161 in
1790 1097 2129 1185 pervigilio
2145 1144 2164 1177 ,
2186 1119 2246 1160 v.
2276 1117 2384 1182 90,
2410 1097 2615 1160 mani·

484 1205 647 1268 feste
661 1203 1201 1292 adludens,ipsam
1219 1203 1649 1270 Chelidonem
1662 1219 1993 1268 auctorem
2010 1203 2149 1284 ejus
2162 1203 2463 1266 carminis
2474 1221 2615 1265 esse

487 1309 665 1374 haud
684 1309 959 1374 obscure
979 1307 1390 1398 significavit,
1411 1308 1527 1374 sed
1540 1311 1736 1374 latere
1750 1308 2043 1374 eamdem
2064 1307 2187 1372 sub
2212 1307 2475 1371 nomine
2495 1327 2616 1369 suo

490 1415 715 1479 voluit.
762 1415 979 1480 Latius
1010 1414 1179 1478 hanc
1211 1414 1597 1478 sententiam
1630 1413 1937 1502 explicavi
1968 1411 2147 1499 (huj.
2178 1433 2285 1500 op.
2314 1427 2471 1475 tom.
2508 1411 2571 1474 11
2594 1458 2613 1490 ,

487 1541 632 1609 pag.
681 1516 838 1600 503,
867 1519 936 1582 in
972 1535 1128 1584 nota
1159 1542 1238 1584 ex
1265 1517 1601 1584 Addendis
1628 1516 2058 1583 Wernsdorfii
2091 1515 2389 1582 adducta.
2420 1514 2577 1601 En.)
2599 1563 2616 1596 ,

489 1623 676 1703 cujus
703 1639 1036 1688 momenta
1067 1645 1200 1710 quo
1233 1624 1464 1712 saepius
1500 1623 1795 1712 expendo
1826 1639 1897 1688 et
1920 1621 2259 1688 considero
2276 1671 2293 1705 ,
2322 1623 2449 1686 hoc
2476 1643 2621 1710 gra-

493 1731 670 1794 viora
695 1729 856 1793 mihi
882 1729 1432 1818 propensior-aque
1451 1728 1535 1793 ad
1559 1728 1909 1794 adsensum
1936 1743 2003 1790 et
2026 1725 2223 1792 fidem
2248 1749 2385 1792 esse
2404 1725 2623 1790 viden-

495 1853 622 1900 tur.
665 1836 762 1901 Sit
795 1836 994 1926 igitur
1031 1837 1102 1900 L.
1139 1834 1370 1900 Vibius
1397 1836 1629 1900 Florus
1662 1835 1855 1898 etiam
1892 1833 2255 1898 carminum
2288 1833 2619 1896 minorum

495 1942 577 2008 de
611 1943 795 2007 Rosis
822 1959 1070 2008 auctor.

590 2065 754 2148 Quoe
780 2063 904 2128 sub
927 2085 1109 2127 num.
1125 2061 1183 2124 V
1203 2085 1342 2127 uno
1362 2063 1545 2152 quasi
1565 2062 1737 2127 fasce
1755 2062 2133 2150 complexus
2154 2082 2324 2142 sum,
2340 2061 2625 2124 carmina

500 2171 754 2236 minora
799 2171 884 2234 da
930 2170 1266 2234 Hortor-um
1295 2184 1358 2232 et
1385 2171 1573 2234 Ruris
1620 2169 2018 2249 amoenitate,
2045 2189 2275 2231 eorum
2330 2182 2627 2231 auctores

499 2276 652 2365 quia
675 2276 884 2368 ignoti
910 2291 1098 2358 sunt,
1130 2275 1282 2340 satis
1322 2275 1524 2338 habui
1566 2273 1915 2356 editiones,
1945 2275 2201 2362 quoties
2227 2291 2294 2338 et
2317 2296 2355 2337 a
2386 2273 2626 2361 quibus

501 2382 682 2446 sactae
713 2382 842 2445 sint
862 2430 880 2463 ,
904 2382 1290 2471 plerumque
1313 2381 1380 2445 in
1405 2382 1615 2469 prima
1641 2379 1723 2444 ad
1751 2380 2001 2470 singula
2017 2380 2496 2468 Epigrammata
2516 2377 2630 2443 ad-

503 2488 854 2564 notatione,
872 2488 1280 2552 eBurmanni
1305 2488 1638 2569 relatione,
1662 2486 1967 2551 indicare.
2000 2486 2225 2549 Unum
2254 2506 2333 2548 ex
2364 2483 2629 2566 his,sub

507 2616 687 2657 num.
732 2594 963 2680 quinto
998 2592 1359 2658 exhibitum
1379 2641 1398 2674 ‚
1433 2592 1531 2655 De
1564 2591 1747 2655 donis
1795 2616 1839 2655 a
1873 2592 2093 2656 Lesbia
2124 2593 2349 2671 missis,
2388 2593 2631 2654 Ancmt

505 2698 786 2763 auctoris
830 2716 1075 2763 nomen
1118 2697 1395 2786 praefert.
1433 2695 1739 2777 Ejusdem
1773 2696 1949 2760 aliud
1982 2696 2369 2760 amatorium
2406 2694 2632 2759 subse·

509 2805 734 2893 quitur
780 2802 957 2893 apud
990 2804 1440 2868 Burmannum
1475 2824 1753 2865 numero
1796 2802 2060 2865 CCXII.
2097 2802 2163 2866 Si
2196 2802 2366 2866 forte
2401 2800 2633 2865 Alcimi

509 2911 762 2976 nomini
807 2910 1232 2990 conjunctum
1278 2909 1474 2973 fuerit
1515 2909 1715 2989 Aviti,
1753 2907 1919 2973 sicut
1966 2908 2033 2970 in
2074 2908 2327 2971 Alcimo
2372 2906 2632 2971 Ecdicio

508 3016 730 3097 Avito,
749 3015 1076 3103 Episcopo
1101 3014 1459 3078 Viennensi
1490 3013 1704 3077 saeculi
1725 3012 1805 3093 V,
1832 3012 1989 3094 fuit,
2012 3010 2432 3076 adscribenda
2455 3032 2635 3098 aeque

511 3123 668 3185 huic
705 3120 956 3185 Alcimo
989 3119 1330 3184 Adlocutio
1365 3120 1681 3208 sponsalis
1718 3134 1889 3183 esset
1908 3166 1926 3199 ,
1964 3141 2111 3206 quoe
2143 3118 2265 3181 sub
2303 3118 2469 3181 Aviti
2517 3139 2637 3181 no·

511 3218 688 3291 mine
723 3242 958 3307 exstat,
987 3242 1054 3290 et
1089 3246 1126 3289 a
1161 3224 1351 3289 nobis
1383 3226 1545 3311 (huj.
1570 3247 1679 3313 op.
1709 3240 1870 3288 tom.
1899 3224 2026 3304 111,
2053 3245 2116 3310 p.
2147 3224 2295 3301 406.
2326 3222 2472 3309 En.)
2495 3244 2659 3311 pro·-

511 3334 718 3421 posita
765 3346 894 3411 est,
915 3331 1433 3419 haberemusque
1484 3326 1647 3394 adeo
1692 3330 1759 3393 in
1796 3350 1874 3393 eo
1900 3329 2153 3393 Alcimo
2190 3344 2449 3416 poetam
2472 3377 2489 3410 ,
2524 3328 2639 3415 qui

509 3436 768 3503 Musam
807 3456 990 3500 suam
1038 3437 1344 3501 amaverit
1395 3436 1464 3498 in
1510 3435 1759 3499 lusibus
1796 3432 2120 3498 amatoriis
2156 3454 2472 3497 exercere.
2510 3430 2636 3497 Sed

513 3564 668 3607 vero
717 3556 782 3605 et
833 3542 1113 3621 serium,
1141 3563 1261 3605 nec
1309 3542 1527 3605 minus
1574 3541 1864 3630 elegans,
1902 3538 2025 3603 sub
2089 3539 2319 3604 Alcimi
2372 3538 2640 3601 nomine

514 3648 924 3737 Epigramma
953 3646 1034 3710 de
1055 3646 1126 3710 V
1117 3646 1326 3734 &gilio
1343 3662 1406 3711 et
1431 3648 1701 3711 Homero
1728 3646 1963 3735 legitur
1989 3645 2258 3710 Anthol.
2286 3646 2638 3710 Burmann.

515 3752 624 3818 lib.
664 3756 762 3836 II,
811 3776 910 3841 ep.
953 3774 1098 3841 177,
1157 3753 1338 3840 quod
1391 3753 1543 3842 quia
1590 3750 1875 3832 ejusdem
1931 3752 2211 3816 auctoris
2262 3774 2529 3827 censen,
2568 3766 2641 3815 ut

517 3861 875 3951 comparari
907 3859 1143 3948 possit,
1172 3859 1497 3948 integrum
1530 3858 1826 3947 adpono:

793 4036 1019 4089 Moeonio
1045 4036 1148 4087 vati
1173 4035 1266 4107 qui
1294 4052 1390 4107 par
1411 4048 1502 4089 aut
1522 4036 1791 4107 proximus
1816 4048 1976 4099 esset,

867 4124 1150 4179 Consultus
1181 4125 1336 4177 Paean
1356 4124 1493 4189 risit,
1522 4136 1575 4178 et
1602 4126 1715 4178 hoc
1742 4124 1969 4179 cecinit:
