2964 4690
317 392 689 414 mmm
702 390 1280 411 mmmmsswss
1288 390 1339 411 Ἀ
1347 362 1706 409 ΜωωζΜ
1713 388 2259 410 mmmmm-M
2267 390 2448 411 mm

1336 601 1439 652 DE

432 790 1486 915 MAXIMIANO
1553 709 2341 957 ETRUSC'o

942 1074 1283 1133 EJUSQUE
1334 1076 1429 1121 Ac
1480 1076 1830 1123 cAETERIS

313 1286 537 1373 QUAE
574 1287 756 1355 HAG
798 1287 1088 1355 PARTE
1125 1287 1820 1356 PROPONUNTUR
1859 1288 2446 1361 CARMINIBUS.

853 1510 1856 1547 ψ-

318 1700 417 1805 In
452 1735 652 1799 classe
683 1734 803 1799 hac
834 1736 1313 1798 Amatoriorum
1345 1750 1409 1797 et
1432 1733 1861 1799 Ludicrorum
1890 1738 2251 1804 carminum
2280 1760 2452 1803 com-

317 1838 625 1929 ponenda
654 1860 893 1927 sequor
924 1838 1059 1903 fere
1090 1838 1399 1921 aliorum,
1431 1838 1546 1927 qui
1577 1856 1726 1903 ante
1757 1862 1863 1904 me
1899 1842 2046 1905 talia
2071 1841 2448 1926 ediderunt,

317 1946 687 2034 exemplum
705 1992 727 2026 ,
756 1938 951 2033 atque
982 1944 1059 2009 iis
1089 1966 1195 2009 me
1227 1944 1622 2011 carminibus
1649 1947 1956 2011 contineo
1973 1995 1992 2029 ,
2023 1970 2168 2035 quae
2193 1948 2446 2013 dudum

314 2052 413 2117 sic
460 2049 805 2130 conjuncta
852 2050 1293 2117 exhibuerunt
1333 2070 1473 2117 tum
1521 2048 1800 2117 editores
1846 2052 2110 2140 quidam
2155 2055 2444 2142 Operum

316 2156 533 2223 Ovidii
549 2155 1142 2246 ,pseudepigrapha
1166 2156 1481 2220 nonnulla
1499 2157 1842 2221 Amatoriis
1862 2158 2000 2239 ejus
2013 2157 2324 2223 adnecten
2333 2175 2446 2241 tes,

316 2279 461 2327 tum
488 2262 557 2326 in
590 2260 815 2352 primis
846 2262 943 2326 Μ.
974 2262 1055 2325 Η.
1092 2260 1473 2343 ὓοῐάαεωε,
1513 2262 1626 2350 qui
1659 2263 1827 2327 inter
1859 2264 2116 2327 Erotica
2149 2280 2216 2328 et
2251 2266 2444 2329 Ama-

318 2367 485 2434 toria
515 2369 845 2458 Opnscula
878 2365 1130 2449 Ovidii,
1160 2367 1572 2432 Francofurti
1614 2390 1718 2432 an.
1770 2369 1936 2433 1610
1975 2369 2180 2447 edita,
2213 2371 2446 2436 Maxi·

316 2476 529 2538 mam·
548 2477 844 2556 Amores,
886 2469 1069 2557 Ofilii
1094 2474 1389 2561 Sergiam
1416 2473 1740 2556 pultem,
1773 2474 1935 2538 Albi
1969 2475 2188 2540 ovam
2210 2459 2466 2542 [μορυς

314 2581 439 2644 tim·
462 2595 527 2644 et
559 2577 726 2644 Iulii
762 2579 1011 2669 Sper-ati
1038 2579 1459 2644 Philomelam
1497 2602 1630 2644 una
1671 2581 1836 2646 serie
1871 2583 2234 2668 proposuit.
2280 2584 2444 2666 Quae

316 2683 400 2749 ab
443 2705 525 2750 eo
564 2707 765 2774 porro
799 2684 1288 2774 subjunguntur
1332 2685 1644 2773 opuscula
1662 2733 1681 2767 ,
1719 2685 2038 2773 Pamphili
2075 2687 2442 2754 Mam-iliani

314 2789 399 2854 de
418 2795 575 2854 Arte
601 2789 894 2874 amandi,
924 2807 990 2854 et
1005 2789 1510 2855 Pseudo-Ovidii
1536 2789 1618 2856 de
1639 2791 1870 2854 Vetula
1889 2839 1908 2872 ‚
1937 2793 2166 2856 merito
2193 2793 2306 2858 abs
2337 2817 2441 2858 me

315 2894 549 2976 rejecta
572 2911 729 2962 sunt
748 2946 766 2981 ,
799 2913 876 2962 ut
906 2895 1143 2961 infimae
1173 2895 1580 2984 sordidoeque
1603 2896 1804 2961 aetatis
1835 2895 2274 2963 deliramenta.
2305 2899 2442 2964 Nec

314 3004 549 3091 ignoro
570 3049 591 3085 ,
638 3003 839 3068 multa
892 3001 1153 3068 aliunde
1201 3002 1315 3067 abs
1366 3025 1471 3068 me
1529 3001 1742 3092 colligi
1795 3003 2116 3092 potuisse,
2161 3004 2440 3070 melioris

314 3108 507 3174 etiam
552 3109 753 3174 aetatis
774 3157 795 3192 ,
841 3108 1163 3192 carmina,
1197 3109 1284 3173 ob
1326 3108 1622 3174 lascivius
1656 3125 2113 3198 argumentum
2157 3110 2336 3174 hunc
2371 3111 2438 3176 in

314 3235 583 3278 censum
630 3213 963 3278 referenda
978 3261 999 3296 ,
1058 3213 1245 3293 cujus
1300 3213 1552 3303 generis
1605 3215 1938 3302 poematiis
1991 3237 2186 3280 nemo
2235 3203 2444 3282 nez-{cit

312 3317 646 3384 abundare
678 3320 1035 3384 Romamn:
1074 3319 1556 3406 antiquitatem3
1595 3318 1710 3384 sed
1754 3341 1828 3383 ea
1864 3341 2070 3406 quum
2108 3319 2266 3384 alios
2299 3321 2438 3386 edi·

314 3441 491 3489 tores
520 3424 895 3490 habuerunt
921 3446 1053 3489 non
1084 3423 1492 3513 indiligentes
1508 3471 1528 3506 ,
1560 3441 1702 3490 tum
1731 3446 1866 3489 non
1889 3423 2276 3490 videbantur
2303 3447 2441 3490 esse

314 3529 675 3614 ejusmodi,
730 3531 967 3620 quibus
1028 3529 1437 3596 recensendis
1491 3531 1594 3594 vel
1648 3545 2102 3594 ornamentum
2153 3553 2442 3619 quaerere

312 3637 495 3725 operi
522 3657 671 3702 meo
690 3683 711 3718 ,
736 3637 839 3701 vel
864 3658 1179 3725 occupare
1204 3637 1331 3701 hoc
1362 3637 1562 3700 aetatis
1589 3659 1746 3702 meae
1769 3635 2094 3700 deberem.
2122 3635 2442 3724 Adquievi

312 3743 510 3832 igitur
540 3742 607 3805 in
639 3743 718 3806 iis
750 3742 1143 3807 carminibus
1162 3791 1181 3824 ,
1212 3765 1354 3830 quae
1380 3765 1572 3832 supra
1611 3742 1992 3824 memoravi,
2020 3765 2322 3830 quaeque,
2358 3742 2439 3808 ab

310 3847 449 3914 aliis
473 3847 603 3928 jam
626 3847 855 3914 tradita
875 3895 895 3930 ,
926 3849 1161 3912 servari
1194 3865 1550 3936 utcumque
1583 3869 1724 3912 mea
1756 3848 2137 3912 collectione
2151 3895 2172 3928 ,
2203 3863 2269 3912 et
2297 3869 2438 3912 cor·

314 3954 552 4019 rectius
588 3953 691 4018 edi
728 3953 1165 4019 merebantur.
1193 3952 1425 4018 Addidi
1456 3970 1672 4018 tamen
1713 3952 1893 4018 Coelia·
1919 3954 2232 4042 Symposii
2256 3957 2442 4017 AEm'-

302 4075 534 4147 gmata
557 4107 577 4140 ‚
628 4081 795 4148 opus
842 4060 1247 4148 ingeniosum
1268 4108 1287 4140 ‚
1336 4074 1401 4123 et
1444 4059 1708 4124 lusuum
1757 4060 2192 4148 ingenuorum
2239 4059 2438 4122 farra-
