2964 4690
475 437 518 520 4
1219 433 1853 504 PnooEMmM

479 563 684 628 vanda
727 564 899 626 bona
945 562 1309 627 valetudine
1348 562 1661 650 procedit.
1714 563 1975 628 Brevius
2018 563 2232 628 adhuc
2276 583 2341 630 et
2394 570 2591 657 magis

476 685 731 732 curtum
769 669 1136 756 exemplum
1166 685 1291 748 est,
1331 663 1512 754 quod
1535 668 1671 755 ipse
1690 667 2022 756 possideo,
2048 686 2309 758 tresque
2339 688 2587 737 tantum

471 791 681 861 partes
717 797 754 836 a
787 773 1078 839 Gesnero
1113 789 1516 838 enumeratas
1556 773 1885 854 continet,
1924 786 1989 837 et
2023 775 2088 837 in
2120 775 2374 841 Moreto
2417 777 2583 842 duo-

475 879 726 966 busque
761 879 1130 966 fragmentis
1159 878 1474 960 Petronii,
1501 901 1645 966 quoe
1681 879 1890 943 Strabi
1916 879 2195 944 Hortulo
2228 882 2585 962 subjiciun-

477 1001 616 1065 tur,
669 982 920 1046 desinit.
965 985 1332 1071 Utrumque
1379 983 1701 1070 exemplar
1760 1006 1879 1046 nec
1924 984 2213 1065 titulum,
2258 1009 2379 1050 nec
2422 1010 2587 1075 proe·

471 1090 781 1153 sationem
821 1089 1044 1168 habet,
1088 1087 1376 1176 adeoque
1417 1089 1713 1151 ultimam
1758 1087 2017 1152 editoris
2055 1095 2274 1153 cui-am
2314 1092 2589 1156 abfuisse

469 1193 706 1282 prodit.
769 1193 997 1281 Neque
1052 1192 1316 1274 dubito,
1372 1193 1531 1280 quin
1592 1191 1811 1256 eadem
1863 1215 2001 1256 sors
2053 1195 2339 1282 plurium
2387 1219 2593 1260 exem-

471 1300 776 1390 plarium,
829 1323 971 1386 quae
1015 1299 1190 1388 apud
1237 1299 1394 1364 alios
1443 1299 1871 1386 reperiantur,
1910 1300 2129 1366 fuerit.
2180 1301 2589 1389 Quamquam

472 1405 554 1468 de
595 1422 825 1470 caetero
860 1403 1078 1468 Rivini
1113 1405 1239 1468 hoc
1283 1427 1446 1492 opus
1479 1403 2021 1492 negligentissime
2058 1427 2363 1472 excusum
2396 1406 2591 1494 adpa-

471 1527 601 1592 ret,
637 1510 845 1598 reperi
874 1525 1087 1574 tamen
1118 1510 1430 1573 nonnulla
1461 1510 1529 1572 in
1564 1509 1917 1574 Columella
1945 1525 2009 1574 et
2042 1511 2176 1576 aliis
2201 1513 2591 1578 carminibus

468 1616 640 1697 loca,
684 1637 827 1704 quae
858 1616 940 1680 ab
981 1615 1116 1678 aliis
1166 1614 1561 1680 editionibus
1594 1612 1991 1703 discrepant,
2028 1631 2092 1679 et
2120 1639 2160 1680 a
2192 1618 2422 1682 Rivino
2447 1641 2592 1682 cor-

468 1737 642 1784 recta
671 1737 846 1788 sunt.
881 1721 1174 1784 Tertium
1200 1737 1532 1785 auctorem
1572 1721 1903 1784 nominare
1929 1725 2195 1809 possum
2219 1724 2316 1786 Jo.
2346 1723 2399 1786 F
2400 1721 2591 1790 rider.

467 1827 817 1888 Christium
837 1872 855 1906 ,
891 1826 1006 1912 qui
1044 1826 1115 1888 V
1105 1825 1412 1888 illaticum
1433 1871 1453 1906 ,
1490 1847 1750 1910 poema,
1776 1823 1953 1888 libris
1995 1827 2091 1892 ΙΙΙ
2132 1825 2335 1892 edidit
2366 1828 2593 1916 Lipsiae

471 1953 574 1993 an.
639 1931 840 2017 1746,
891 1930 1074 2011 in-8,
1130 1945 1195 1993 et
1244 1929 1414 1992 inter
1467 1928 1762 2015 copiosos
1810 1931 2135 1995 Excursus
2174 1932 2233 1994 ei
2283 1930 2593 2016 adjectos,

471 2036 660 2102 etiam
711 2035 1130 2100 corollarium
1153 2079 1173 2114 ,
1215 2057 1355 2123 pag.
1406 2037 1525 2110 241
1563 2081 1583 2116 ,
1643 2033 1931 2116 exhibet,
1982 2034 2163 2121 quod
2218 2053 2513 2125 excerpta
2556 2061 2593 2102 e

472 2140 796 2205 veteribus
835 2139 1076 2226 poetiS,
1112 2155 1188 2203 ut
1219 2161 1254 2201 e
1287 2139 1441 2225 Pap.
1475 2138 1711 2220 Statio,
1748 2138 2070 2221 Martiale,
2107 2143 2434 2223 Ausonio,
2466 2165 2595 2214 car-

473 2244 675 2325 mina,
727 2245 1094 2332 pariterque
1151 2265 1188 2323 e
1247 2240 1478 2306 Pithoei
1529 2242 1909 2306 collectione
1958 2245 2228 2330 repetita
2276 2248 2593 2336 epigram-

473 2366 642 2413 mata
679 2348 761 2412 de
797 2348 1092 2413 villarum
1133 2362 1199 2410 et
1238 2345 1672 2410 rusticationis
1707 2348 2071 2413 amoenitate
2110 2352 2595 2439 complectitur,

473 2454 693 2544 paucis
726 2452 966 2515 notulis
1007 2466 1072 2513 et
1103 2449 1491 2528 conjecturis
1528 2449 1809 2529 adjectis·
1850 2451 1947 2514 Ab
1981 2451 2081 2515 his
2111 2454 2593 2521 collectionibus

475 2582 618 2623 mea
637 2608 654 2641 ,
679 2582 822 2647 quae
847 2580 1052 2645 quum
1085 2558 1360 2620 maxime
1388 2556 1641 2644 prodit,
1674 2557 1851 2621 haud
1868 2582 2095 2646 parum
2121 2560 2340 2624 differt
2356 2608 2374 2642 ,
2400 2578 2594 2649 atque

473 2666 550 2729 iis
587 2666 722 2729 fere
761 2661 1154 2727 contractior
1203 2678 1314 2727 est.
1361 2662 1694 2727 Nonnulla
1730 2664 1904 2727 enim
1941 2664 2257 2741 carmina,
2309 2687 2453 2752 quae
2486 2665 2591 2730 isti

435 2780 440 2787 '
474 2789 769 2836 auctores
795 2770 965 2833 inter
997 2768 1340 2833 Hortensia
1365 2770 1759 2851 retulerunt,
1786 2770 1939 2858 quia
1964 2792 2085 2835 nos
2108 2771 2447 2861 anticipata
2462 2774 2591 2852 jam

475 2876 610 2941 aliis
641 2876 846 2942 nostri
873 2873 1102 2961 Operis
1125 2874 1281 2938 locis
1309 2873 1827 2961 produxeramus
1844 2922 1863 2955 ,
1891 2874 1991 2939 his
2012 2875 2233 2957 abesse
2250 2876 2593 2960 jussimus,

477 2982 686 3069 qualia
705 2994 862 3043 sunt
891 2978 1204 3041 Moratum
1219 3026 1240 3057 ,
1263 2976 1444 3064 quod
1475 2978 1839 3043 Willichius
1858 2994 1922 3042 et
1947 2980 2243 3061 Rivinus,
2272 2982 2508 3045 Avieni
2514 2981 2597 3045 de

478 3087 666 3149 malis
682 3086 938 3148 Punicis
954 3132 972 3165 ‚
993 3084 1072 3146 de
1093 3098 1285 3146 cantu
1305 3082 1593 3147 Sirenum
1608 3130 1626 3164 ,
1642 3084 1735 3146 ad
1750 3086 2010 3147 Amicos
2024 3085 2107 3147 de
2120 3106 2275 3171 agro
2286 3085 2593 3165 carmina,

473 3192 688 3257 Sereni
707 3188 1020 3253 nonnulla
1023 3188 1324 3277 fragmen
1331 3202 1424 3269 ta,
1449 3189 1818 3272 Symmachi
1832 3188 1911 3251 de
1936 3187 2112 3251 litore
2129 3188 2303 3253 lacus
2320 3190 2593 3272 Iacet-ini,

475 3319 620 3383 quae
641 3295 916 3361 Rivinus
939 3293 1116 3358 dedit
1132 3342 1150 3369 ,
1181 3294 1450 3357 Laureae
1489 3293 1685 3357 Tullii
1708 3296 1775 3357 in
1806 3291 2111 3365 Ciceronis
2132 3295 2551 3361 Academiam
2574 3344 2593 3376 ,

477 3398 658 3489 quod
694 3399 962 3463 Rivinus
995 3414 1062 3463 et
1097 3397 1449 3479 Christius‚
1475 3399 1747 3463 Ausonii
1777 3396 2045 3461 Mosella
2064 3446 2082 3479 ,
2120 3416 2186 3463 et
2206 3404 2597 3487 epigramma

474 3506 556 3568 de
587 3505 986 3591 navigatione
1006 3552 1026 3585 ,
1056 3503 1186 3567 sive
1213 3502 1304 3567 de·
1323 3502 1468 3567 villa
1502 3501 1816 3565 maritima
1834 3548 1855 3583 ,
1884 3525 1924 3566 a
1946 3504 2137 3567 nobis
2158 3502 2241 3569 ad
2264 3522 2593 3571 auctorem

474 3611 803 3698 Epitomes
859 3607 1038 3673 Iliad.
1082 3610 1276 3673 Hom.
1327 3606 1599 3671 relatum
1622 3654 1639 3689 ‚
1688 3630 1834 3695 quae
1880 3608 2203 3675 Christius
2250 3612 2591 3676 recensuit.

473 3717 610 3781 Alia
634 3717 1087 3805 epigrammata
1121 3714 1340 3778 brevia
1365 3729 1430 3777 et
1453 3713 1814 3803 fragmenta
1838 3730 2129 3779 veterum
2156 3733 2527 3804 poetarum,
2556 3740 2595 3781 a

477 3822 710 3886 Rivino
745 3837 810 3885 et
845 3820 1124 3884 Christio
1163 3820 1230 3882 in
1278 3819 1455 3883 hunc
1486 3821 1753 3883 cinnum
1804 3822 1997 3884 relata
2042 3838 2225 3899 sunt,
2272 3845 2417 3911 quse
2460 3844 2595 3887 rem

477 3926 780 3991 rusticam
795 3942 860 3989 et
875 3925 1247 3988 hortensem
1269 3946 1497 4011 parum
1514 3924 1890 4015 adtingunt,
1908 3943 2019 3989 aut
2036 3927 2231 3991 vitam
2252 3928 2559 4015 privatam
2572 3974 2591 4009 ,

477 4032 856 4121 frugalitatis
875 4031 1122 4093 bonum
1137 4077 1154 4111 ,
1171 4046 1238 4093 et
1251 4031 1563 4095 tenuioris
1582 4033 1859 4095 fortuma
1879 4034 2281 4097 securitatem
2298 4032 2593 4114 laudant3

475 4140 690 4225 itaque
722 4158 856 4200 non
894 4136 1042 4199 satis
1079 4136 1271 4224 digna
1307 4158 1428 4201 nec
1462 4152 1605 4225 apta
1642 4154 2026 4224 argumento
2063 4138 2483 4219 videbantur,
2518 4152 2595 4203 ut
