2964 4690
527 321 664 394 206

1289 320 1860 389 MAXIMIANI

617 447 828 540 Nigra
864 440 1247 536 supercilia,
1274 455 1336 510 et
1371 441 1555 510 frons
1591 441 1831 528 libera,
1870 439 2115 513 lumina
2146 441 2355 524 clara,
2578 467 2629 515 95

711 553 1012 624 Urebant
1045 552 1338 620 animum
1376 577 1545 647 saepe
1581 566 1809 622 notata
1843 575 2083 620 meum.

619 665 946 734 Flammea
995 659 1232 746 dilexi,
1269 660 1731 757 modicumque
1770 662 2093 731 tumentia
2128 659 2346 746 labra,

714 777 882 862 Quae
908 784 1166 866 gustata
1201 769 1404 858 mihi,
1438 771 1618 842 basia
1658 771 1853 866 plena
1888 771 2145 840 darent.

619 888 697 953 In
739 883 929 953 tereti
965 879 1136 951 collo
1175 882 1390 950 visum
1435 898 1533 952 est
1569 883 1919 979 pretiosius
1952 907 2225 968 aurum,

535 1080 638 1133 vol.
667 1079 715 1145 1,
739 1098 790 1150 p.
815 1080 1018 1131 661.-
1039 1080 1252 1129 Vultibus
1287 1079 1537 1146 ingenuis,

535 1159 570 1211 i.
590 1176 638 1212 e.
662 1177 770 1210 non
795 1156 1006 1222 fucatis,
1029 1168 1122 1209 aut
1142 1156 1384 1210 simulate
1400 1176 1541 1210 com-

529 1238 729 1309 positis,
739 1235 869 1289 fecie
876 1235 1096 1289 liberali.
1105 1234 1246 1290 solet
1255 1239 1415 1288 valnas
1423 1236 1543 1308 plu-

527 1315 626 1368 rali
651 1333 876 1368 numero
903 1315 1108 1382 efferri,
1135 1325 1194 1368 ut
1215 1314 1358 1386 apud
1375 1314 1537 1369 Ovid.

533 1395 658 1448 Met.
701 1394 880 1458 vm,
918 1397 1020 1466 677
1060 1414 1074 1447 τ
1115 1420 1141 1439 e·
1163 1412 1325 1465 super
1361 1395 1541 1449 omnia

534 1476 710 1528 vultus
729 1475 1006 1528 Accessere
1037 1473 1164 1526 boni
1181 1499 1227 1540 ι,
1267 1487 1320 1528 et
1361 1475 1542 1526 multis

537 1555 652 1607 aliis
668 1553 810 1606 locis.
838 1553 986 1605 Idem
1017 1556 1257 1621 ingenuas
1271 1573 1436 1621 genas
1457 1552 1541 1606 di·

532 1634 606 1688 cit
625 1633 751 1685 Her.
779 1632 880 1683 XX
897 1671 914 1696 ,
946 1633 1001 1697 6,
1023 1633 1139 1684 Am.
1160 1632 1208 1698 1,
1243 1639 1304 1696 14
1321 1672 1336 1699 ,
1363 1631 1458 1699 52,
1492 1643 1545 1684 et

537 1711 740 1782 Apulei.
781 1709 840 1761 in
879 1709 1074 1779 ἀνιχόμ..
1111 1729 1165 1763 v.
1195 1712 1256 1777 8,
1294 1711 1386 1764 ubi
1434 1711 1542 1765 vid.

537 1791 717 1844 Burm.
735 1787 893 1842 Δηὼ.
913 1788 1029 1840 Lat.
1044 1789 1151 1842 vol.
1173 1789 1220 1855 1,
1245 1808 1294 1859 p.
1322 1791 1441 1842 661.
1462 1792 1544 1840 Vi-

537 1889 598 1921 sa
631 1871 834 1932 seder-e,
861 1864 1008 1936 quod
1051 1867 1270 1938 vulgstae
1309 1879 1432 1938 post
1458 1887 1544 1920 re-

413 1953 424 1964 ‘
535 1948 834 2002 censionem
869 1945 1086 1999 Gaurici
1129 1957 1308 1999 tenent
1323 1982 1339 2008 ,
1370 1947 1549 1998 nescio

421 2075 428 2088 ,
537 2046 696 2100 quem
717 2043 928 2080 sensum
948 2022 1146 2078 habere
1165 2025 1344 2096 possit.
1361 2025 1468 2088 Qui
1486 2024 1546 2076 il-

537 2106 630 2161 lud
656 2115 975 2176 usurparunt
990 2143 1006 2170 ,
1019 2102 1264 2160 videntur
1277 2107 1444 2155 sedere
1461 2121 1547 2156 ac-

537 2185 732 2258 cepisse
767 2203 864 2255 pro
904 2187 1134 2252 plaeere,
1181 2181 1324 2253 quod
1371 2181 1547 2253 ipsum

539 2265 630 2318 alii
666 2263 866 2316 librarii
899 2273 1218 2334 posuerunt,
1249 2272 1549 2333 reputantes

445 2408 448 2413 ¹
539 2348 782 2410 fortasse,
813 2342 887 2395 sic
920 2352 1230 2413 usurpatum
1265 2358 1296 2394 a
1323 2340 1549 2413 Virgilio

538 2442 678 2487 esse,
699 2420 916 2495 quando
935 2426 1070 2474 sedet
1081 2425 1172 2475 hoe
1193 2424 1384 2481 AEneoe,
1411 2424 1551 2473 sedet

539 2505 706 2557 animo
723 2500 854 2555 dixit
870 2537 888 2565 ‚
907 2498 1354 2571 quemadmodum
1384 2499 1545 2571 expli-

538 2594 623 2636 cat
641 2579 826 2651 steph.
853 2579 914 2631 in
933 2578 1090 2633 Thes.
1109 2578 1173 2631 L.
1197 2576 1264 2630 L.
1295 2577 1398 2633 Sed
1411 2577 1549 2631 hanc

539 2659 1019 2732 interpretationem
1057 2656 1252 2711 refutat
1288 2662 1549 2710 vavassor

541 2744 596 2795 in
623 2739 799 2793 Antib.
843 2756 895 2791 v.
931 2741 1087 2789 Sedet.
1127 2736 1240 2807 Ego
1273 2736 1547 2791 lectionem

539 2821 874 2892 antiquorum
889 2816 1268 2889 exemplarium
1279 2820 1396 2867 visa
1409 2820 1551 2867 dece-

538 2922 593 2953 re
605 2940 622 2968 ‚
641 2912 700 2953 ut
708 2898 1026 2971 aptissimam
1043 2936 1059 2963 ,
1076 2894 1432 2949 reducendam
1450 2914 1551 2966 pu·

540 2980 680 3044 tavi,
705 2997 824 3051 qun
851 2976 1052 3029 deserta
1074 2994 1103 3027 a
1123 2972 1440 3046 quibusdam
1468 2973 1547 3026 vi·

540 3058 711 3125 detur,
741 3054 886 3128 quod
931 3054 1068 3106 mule
1107 3053 1340 3105 construi
1379 3058 1550 3105 decere

538 3154 662 3190 cum
681 3138 889 3188 vultibus
907 3134 1128 3201 ingenuis
1141 3129 1428 3184 crederent.
1445 3130 1549 3187 Sed

538 3216 592 3266 τὸ
621 3218 758 3267 decet
791 3230 925 3283 saepe
946 3230 1070 3265 cum
1092 3207 1274 3263 dativo
1305 3209 1545 3283 posuisse

539 3292 782 3363 antiquos
799 3328 814 3355 ,
866 3290 1108 3343 Plautum
1125 3326 1141 3351 ‚
1195 3288 1507 3343 Terentium
1524 3326 1540 3349 ,

540 3370 870 3435 Sallustium,
900 3369 1138 3434 Livium,
1176 3378 1390 3421 monent
1433 3386 1546 3419 eru-

542 3448 636 3501 diti
657 3448 724 3502 sd
742 3448 880 3503 Gell.
899 3448 996 3514 lx,
1019 3448 1100 3501 15.

613 3528 698 3595 95.
723 3533 786 3579 Ee
805 3527 948 3581 deest
965 3528 1022 3580 in
1041 3528 1183 3579 V.R.
1199 3539 1252 3579 et
1268 3525 1335 3579 G.
1360 3530 1548 3579 Iuntina

541 3610 688 3675 nigra
712 3606 805 3660 Pu.
831 3606 910 3659 Pi.
932 3607 997 3658 Ο.
1017 3618 1070 3658 et
1087 3606 1203 3659 alim
1225 3618 1419 3659 recent.
1451 3604 1546 3658 sed

541 3688 684 3753 nigra
717 3684 809 3737 vix
833 3686 1048 3755 repetita
1074 3684 1316 3739 videntur
1339 3703 1370 3738 a
1396 3696 1545 3757 poeta

541 3776 664 3835 post
682 3766 828 3833 nigra
853 3764 1123 3831 supercilia.
1161 3762 1330 3832 Igitur
1359 3763 1547 3817 melius

545 3845 732 3897 Iumina
757 3846 898 3893 clara
934 3843 1006 3893 V.
1045 3840 1136 3893 Gr.
1171 3842 1234 3894 G.
1275 3854 1325 3895 et
1359 3844 1420 3894 L.
1453 3844 1547 3916 qui

545 3927 690 3991 nigra
715 3919 1060 3993 superscribit.
1101 3952 1170 3962 --
1197 3926 1347 3973 Frons
1377 3925 1541 3975 libera.

547 4004 658 4055 Hoc
675 4004 1024 4055 Ommercnus
1051 4000 1273 4053 illustrat
1294 4002 1410 4053 loco
1431 4002 1545 4055 vir-

1626 1080 1717 1152 gil.
1740 1081 1795 1132 in
1823 1079 1965 1146 ciri,
1984 1081 2087 1150 497
2110 1098 2124 1132 :
2156 1103 2178 1126 ι
2196 1079 2262 1132 Et
2278 1078 2469 1151 pstuloe
2490 1078 2633 1130 fron·

1628 1159 1693 1212 tis
1706 1157 1905 1230 species
1931 1182 1973 1208 ι.

1698 1241 1785 1306 96.
1817 1243 2011 1289 Mutata
2040 1248 2093 1290 et
2118 1249 2291 1287 notata
2312 1235 2557 1288 scribitur
2572 1235 2627 1287 in

1626 1318 1687 1372 R.
1702 1315 1791 1370 sed
1810 1315 1953 1388 prius
1972 1315 2248 1369 manifeste
2264 1315 2526 1368 vitiosum.

1698 1415 1781 1466 97.
1794 1398 2037 1446 Modicum
2052 1395 2284 1446 amentia
2301 1395 2443 1445 labra
2454 1389 2631 1445 laudat

1628 1486 1775 1544 poeta
1790 1515 1807 1540 ‚
1830 1474 1954 1545 quia
1978 1474 2133 1544 plane
2154 1471 2349 1525 tumida
2372 1471 2633 1524 habentur

1628 1552 1901 1606 deformia.
1917 1553 2003 1606 Sic
2026 1552 2228 1606 auctori
2250 1551 2437 1603 Moreti
2451 1588 2468 1615 ,
2482 1569 2533 1602 v.
2548 1551 2631 1608 33,

1630 1631 1881 1686 deformis
1910 1631 2034 1683 Afra
2060 1631 2257 1703 Cybele
2282 1630 2413 1684 inter
2438 1629 2537 1681 alie
2558 1640 2638 1680 est

1632 1735 1655 1756 ι·
1668 1711 1829 1764 Torta
1848 1728 2052 1764 comam
2066 1750 2081 1776 ,
2099 1711 2355 1782 labroque
2373 1721 2581 1762 tumens
2594 1735 2633 1760 u.
2736 1713 2747 1722 ·

1636 1795 1849 1860 ngida
1862 1795 2002 1842 labra
2022 1787 2161 1842 ridet
2179 1789 2402 1842 Martini.
2420 1789 2499 1838 VI
2517 1825 2532 1851 ,
2550 1788 2633 1854 39.

1704 1870 1787 1937 98.
1838 1875 1957 1935 Quoe
1982 1871 2099 1920 mihi
2145 1869 2365 1936 gustanti
2405 1867 2637 1920 scribunt

1634 1967 1819 2002 omnes
1858 1946 1983 2001 edit.
2016 1967 2045 2000 e
2066 1965 2263 2000 recens.
2290 1946 2505 2000 Guurici
2522 1981 2539 2007 ‚
2564 1945 2636 1996 si-

1634 2027 1847 2096 gillatim
1888 2028 1965 2080 Pi.
2004 2027 2072 2080 Ο.
2112 2039 2165 2080 et
2188 2024 2531 2088 recentiores3
2554 2042 2639 2076 ea·

1634 2125 1737 2178 que
1767 2107 1924 2160 lectio
1950 2103 2247 2176 corrigendi
2272 2121 2451 2156 caussa
2476 2104 2635 2154 intro-

1634 2183 1793 2240 ducta
1845 2183 2053 2240 videon·
2079 2202 2093 2237 τ
2147 2201 2267 2236 nam
2320 2181 2641 2252 antiquiores

1633 2264 1832 2318 habent
1862 2271 1983 2332 Qua
2008 2277 2211 2332 gustata
2234 2265 2349 2315 milei
2371 2261 2439 2312 V.
2458 2261 2522 2314 R.
2541 2259 2639 2312 Gr.

1632 2343 1697 2397 G.
1720 2343 1833 2399 Hoc
1856 2357 2057 2408 tamen,
2082 2343 2199 2396 licet
2220 2341 2396 2395 minus
2414 2341 2645 2413 elegans,

1632 2423 1993 2477 reducendum
2015 2424 2222 2496 putavi.

1704 2523 1789 2572 99.
1818 2506 1983 2555 Visum
2009 2518 2085 2555 est
2105 2504 2175 2554 V.
2204 2504 2263 2555 R.
2281 2501 2345 2555 G.
2375 2500 2563 2571 reliqui
2587 2504 2645 2552 τὸ

1634 2596 1709 2634 est
1718 2582 1987 2641 omittunt.
2003 2583 2106 2634 Pro
2124 2587 2183 2633 In
2200 2582 2339 2633 tereti
2352 2580 2413 2631 L.
2436 2585 2645 2641 Iacent,

1634 2660 1699 2715 G.
1730 2664 1934 2714 Interite'.
1968 2692 2037 2701 -
2068 2666 2209 2712 Teres
2252 2663 2425 2711 collum
2443 2695 2459 2722 ,
2494 2660 2647 2729 quod

1632 2740 1938 2805 rotundum,
1956 2740 2169 2811 plenum
2192 2736 2522 2808 solidumque
2542 2750 2647 2791 est.

1632 2819 1879 2872 Similiter
1930 2819 2187 2871 Arborius
2236 2818 2293 2870 in
2344 2816 2520 2887 Elegia
2570 2818 2645 2871 ad

1632 2897 1919 2970 nympham
1962 2898 2119 2951 nimis
2162 2896 2389 2961 cultam,
2426 2914 2501 2947 vs.
2539 2896 2607 2948 23
2628 2934 2647 2959 ,

1634 2992 1799 3027 teretes
1824 2979 2019 3045 digitos.
2050 2975 2175 3029 Vid.
2214 2975 2395 3028 Barth.
2422 2972 2501 3026 Ad
2509 2992 2647 3027 vers.

1635 3054 1767 3107 XXI
1782 3094 1799 3119 ,
1823 3057 1874 3107 6.
1892 3061 2076 3106 Aurum
2094 3054 2331 3107 hocloco
2344 3063 2423 3105 est
2446 3054 2649 3106 monile

1634 3152 1853 3188 aureum
1890 3146 1943 3186 et
1976 3145 2314 3207 gemmatum.
2364 3137 2529 3185 Visum
2572 3148 2657 3185 ese

1622 3216 1911 3282 pretiosius,
1957 3225 2171 3286 propter
2226 3224 2359 3267 teres
2418 3211 2651 3281 collum,

1632 3291 1778 3364 quod
1810 3293 1993 3345 ambit.
2013 3294 2097 3347 Sic
2116 3293 2169 3345 in
2193 3292 2398 3345 Arborii
2420 3290 2601 3360 Elegia
2632 3312 2647 3344 :

1644 3398 1667 3421 ι
1686 3372 1869 3437 Quum
1890 3385 2077 3427 teretes
2097 3372 2245 3443 digiti
2265 3372 2391 3425 dent
2416 3370 2653 3442 pretium

1630 3448 1793 3520 lapidi
1816 3476 1856 3503 ι.
1886 3482 1955 3493 --
1988 3450 2118 3505 Ideo
2136 3452 2317 3503 Burm.
2342 3448 2409 3503 ed
2427 3449 2655 3503 Anthol.

1632 3529 1749 3591 111,
1789 3530 1951 3600 epigr.
1978 3538 2103 3597 214,
2142 3547 2205 3582 ²:
2236 3554 2259 3577 ι
2288 3528 2547 3599 Hesperie
2572 3540 2661 3581 te-

1634 3625 1786 3659 neras
1814 3608 2045 3661 officiosa
2074 3626 2261 3661 manus
2286 3632 2309 3654 n
2326 3647 2342 3671 ,
2380 3606 2661 3676 corrigere

1634 3697 1796 3739 tentat
1818 3700 2007 3741 teretes.
2038 3688 2251 3741 Summa
2278 3686 2417 3739 enim
2444 3686 2559 3737 laus
2590 3687 2661 3741 in

1632 3764 1877 3818 membris
1894 3766 2143 3818 teretibus
2156 3804 2173 3831 ‚
2194 3764 2287 3819 sed
2303 3764 2569 3836 precipue
2592 3764 2659 3818 in

1632 3844 1888 3897 manibus.
1904 3843 2148 3907 Ovidius,
2165 3846 2273 3897 Art.
2292 3846 2409 3895 Ain.
2432 3844 2480 3904 1,
2508 3846 2617 3896 622
2640 3862 2657 3897 :

1633 3950 1655 3967 ι·
1677 3922 1740 3973 Et
1795 3934 1983 3975 teretes
2026 3922 2211 3994 digitos
2232 3964 2249 3989 ‚
2284 3922 2661 3993 exiguumque

1632 4001 1815 4073 pedem
1836 4030 1875 4054 ι.
1914 4002 2091 4057 Horat.
2122 4004 2291 4057 carm.
2332 4003 2410 4067 11,
2442 4008 2505 4065 4,
2534 4020 2598 4054 ²1
2638 4022 2657 4054 ε
