2964 4690
1133 383 1522 453 MEDEA.
2255 387 2387 472 461

363 504 560 576 {llum
594 529 720 600 ego
754 529 876 599 per
910 503 1208 574 flammas
1230 560 1249 593 ,
1289 520 1356 574 et
1391 503 1949 598 millesequeutia
1982 505 2155 594 tela3

365 619 498 686 Per
531 615 749 684 varios
785 639 1012 703 casus,
1051 638 1169 708 per
1211 629 1312 683 tot
1349 614 1731 684 discrimina
1767 639 1987 684 rerum
2012 671 2031 704 ,
2330 648 2402 686 2⁵5

365 727 600 820 Eripui
632 725 764 795 leto
788 779 807 814 ,
847 725 1081 812 fateor,
1121 722 1329 820 (me),
1375 748 1563 792 arma
1596 724 1802 818 impia
1832 727 2127 820 sumpsi3

365 835 500 904 Sed
529 834 692 929 quid
721 859 848 930 ego
881 835 1023 904 haec
1053 849 1278 904 autem
1312 833 1762 928 nequidquam
1801 835 2063 928 ingrata
2092 821 2405 912 revolvo?

367 945 556 1034 Quid
579 942 868 1038 loquor?
903 959 1021 1013 aut
1051 944 1168 1013 ubi
1195 969 1342 1014 sum
1365 943 1394 1012 Ρ
1419 945 1626 1014 ictum
1643 945 1782 1037 jam
1809 945 2059 1034 foedus,
2082 964 2149 1018 et
2168 975 2399 1023 omnes
2480 999 2488 1007 -

367 1055 770 1150 Compositae
804 1055 980 1150 leges
999 1108 1018 1143 ‚
1050 1054 1290 1142 cred0‚
1323 1079 1474 1124 mea
1508 1054 1783 1148 vulnera
1816 1069 2088 1126 restant.

1155 1219 1513 1267 RUTRIX.

367 1326 526 1394 Non
562 1323 692 1392 hoc
729 1323 852 1392 ista
888 1323 1013 1392 sibi
1051 1337 1314 1418 tempus
1351 1321 1724 1417 spectacula
1759 1324 2015 1417 poscit;
2330 1351 2404 1388 1⁶0

369 1433 500 1504 Sed
535 1458 698 1527 cape
735 1433 911 1501 dicta
943 1457 1235 1519 memor,
1272 1431 1424 1501 duri
1462 1430 1698 1501 solatia
1732 1455 1963 1517 casm,

369 1542 684 1611 Sensibus
719 1541 832 1611 hic
866 1543 1050 1630 imis,
1085 1556 1383 1610 nostram
1425 1567 1609 1610 nunc
1642 1543 1867 1635 accipe
1902 1557 2228 1630 mentem3

369 1655 554 1739 Heu,
590 1652 747 1745 fuge
783 1651 1084 1721 crudeles
1116 1666 1328 1720 terras
1348 1704 1367 1739 ,
1405 1650 1565 1744 fuge
1598 1647 1758 1720 litus
1796 1650 2107 1721 avarum!

1189 1818 1495 1864 MEDEA.

371 1924 545 1992 cara
581 1923 746 1991 mihi
781 1922 1039 2010 nutrix,
1073 1919 1325 1992 claudit
1360 1946 1484 1991 nos
1519 1922 1742 2015 objice
1777 1935 2061 2015 pontus,
2111 1983 2135 2026 ·.

369 2033 574 2100 Deest
591 2029 728 2124 jam
750 2046 922 2100 terra
945 2031 1152 2126 fugae3
1172 2056 1395 2101 rerum
1417 2056 1571 2126 pars
1587 2031 1797 2100 altera¹
1817 2030 2125 2126 adempta
2152 2047 2273 2103 est.
2325 2059 2398 2095 16⁵

271 2275 436 2328 etiam
482 2273 676 2347 legitur
734 2274 792 2326 in
840 2273 1024 2328 Probae
1075 2273 1292 2330 Falcon.

269 2356 499 2409 Centon.
530 2355 586 2408 in
611 2356 680 2409 V.
709 2355 776 2407 T.
815 2372 930 2427 cap.
972 2355 1122 2419 xlv,
1156 2374 1180 2407 1
1201 2395 1217 2421 ,
1242 2366 1296 2408 et

273 2436 342 2489 N.
373 2436 518 2489 Test.
549 2453 664 2507 eap-
693 2434 804 2498 lx,
825 2454 878 2485 v.
914 2434 967 2486 5.
999 2437 1176 2486 Sidera
1189 2454 1290 2503 pa-

272 2529 384 2567 rent
408 2513 612 2569 dietum
627 2553 642 2580 ,
667 2524 728 2565 nt
751 2512 807 2563 in
835 2512 1068 2565 carmine
1109 2514 1291 2565 Petro·

273 2593 350 2645 nii
373 2593 430 2645 in
449 2593 694 2647 catalect.
717 2590 905 2663 Scalig.
933 2610 988 2663 p.
1018 2590 1150 2645 255:
1179 2594 1298 2643 mihi

255 2672 486 2737 fulmina
505 2671 720 2741 penne,
757 2670 854 2722 ubi
891 2670 1043 2740 plura
1083 2671 1290 2723 notavi·

272 2769 416 2803 mus.

349 2848 374 2881 1
383 2828 468 2892 54.
477 2832 622 2880 Illum
633 2846 727 2896 ego
733 2829 1089 2899 per-flammas,
1105 2841 1155 2879 et
1163 2829 1296 2880 mille

273 2912 532 2977 sequentia
544 2912 658 2959 tela.
675 2906 1028 2960 Consentiunt
1046 2906 1134 2959 hie
1149 2906 1295 2959 sche-

275 2987 359 3041 ἆυ
386 2986 609 3057 vulgatis
625 2984 836 3057 Virgilii
859 2984 1153 3045 codicibus,
1173 2988 1293 3037 AEn.

277 3067 373 3119 lib.
411 3066 518 3128 vl,
543 3082 658 3129 110,
679 3076 732 3117 et
756 3064 1046 3116 Arusianus
1073 3064 1295 3117 Messius

275 3145 460 3198 libello
496 3143 868 3197 Elocutionum
893 3142 988 3193 MS
1023 3143 1080 3193 in
1116 3144 1299 3211 Recipit

275 3246 344 3277 ex
359 3229 449 3279 1110
472 3228 606 3275 illum
621 3244 641 3284 ,-
663 3222 756 3275 ubi
780 3220 926 3273 hunc
952 3222 1130 3274 locum
1150 3220 1296 3275 adfe-

275 3322 404 3359 rens
444 3302 598 3356 etiam
639 3301 798 3354 habet
831 3320 926 3368 per
944 3304 1208 3370 fhmmas,
1248 3314 1300 3352 ec

277 3388 412 3436 mille
433 3384 692 3450 sequentia
716 3382 844 3444 tela,
877 3392 978 3431 etc.
1015 3380 1186 3432 Proba
1221 3390 1297 3431 tn-

279 3482 402 3515 men
433 3460 684 3513 Falconia
708 3460 764 3510 iu
791 3458 901 3510 suis
928 3457 1196 3513 codicibus
1221 3458 1296 3511 le-

277 3543 418 3613 gisse
431 3537 647 3593 videtur
662 3575 678 3601 ,
697 3540 1048 3606 perflammas,
1061 3558 1157 3607 per
1166 3541 1296 3590 mille

277 3622 536 3688 sequentia
573 3622 670 3671 tela
686 3657 702 3683 ,
736 3616 1051 3687 repetitione
1085 3635 1194 3669 uon
1221 3616 1298 3668 in·

279 3711 524 3754 venusta.
565 3699 644 3750 Ita
686 3695 826 3749 euim
853 3692 946 3749 illa
981 3696 1209 3749 Centon.
1231 3696 1297 3749 N.

275 3780 420 3832 Test.
443 3796 558 3849 cap.
578 3778 716 3835 xn,
745 3795 798 3828 v.
832 3792 894 3826 10
924 3793 937 3826 :
967 3798 990 3821 ι
1011 3776 1174 3828 Illum
1197 3794 1298 3847 ego

277 3878 374 3931 per
419 3857 689 3917 flammas,
731 3872 936 3925 agerem
975 3856 1020 3907 si
1056 3855 1296 3929 Syrtibus

277 3936 464 3999 exsul,
495 3935 601 3988 Per
623 3934 797 3987 varios
822 3950 1004 3997 casus,
1029 3952 1128 4006 per
1153 3934 1296 3989 mille

276 4014 553 4089 sequentia
577 4014 682 4067 tela
697 4050 714 4073 ‚
739 4024 836 4066 etc.
861 4038 886 4056 ι·

357 4096 474 4149 156.
500 4096 669 4162 En’pui
685 4095 1005 4161 Icto,fineor,
1021 4112 1122 4153 me,
1155 4111 1298 4143 arma

1383 2278 1533 2344 impia
1564 2277 1781 2344 sumpsi:
1810 2273 1879 2326 ita
1910 2275 1968 2326 in
1995 2273 2205 2328 schedis
2239 2275 2398 2344 MSS;

1383 2356 1487 2407 ulio
1506 2354 1758 2407 nonnihil
1775 2353 1964 2406 ordine
1979 2354 2226 2426 leguntur
2241 2357 2400 2428 primi

1381 2433 1709 2486 hemistichii
1740 2434 1899 2485 verbe
1929 2432 2073 2505 apud
2094 2434 2245 2506 Virg.
2272 2439 2398 2489 AEn.

1382 2512 1475 2577 11,
1530 2512 1629 2575 134
1662 2530 1675 2561 ε
1722 2510 1947 2582 «Eripui
1988 2516 2008 2581 (
2036 2513 2205 2565 fateor
2232 2518 2253 2583 )
2296 2514 2401 2567 leto

1381 2608 1497 2657 me,
1520 2602 1572 2642 et
1592 2590 1805 2643 vincula
1832 2590 1951 2659 rupi
1972 2616 2016 2641 ι.
2044 2590 2287 2645 Alterum
2319 2614 2402 2645 ar-

1381 2688 1464 2719 ma
1490 2672 1638 2737 impia
1674 2672 1859 2735 sumpsi
1891 2679 1968 2719 est
1998 2686 2060 2720 ex
2098 2668 2232 2722 libro
2272 2672 2402 2736 XII,

1381 2767 1436 2801 v.
1470 2748 1574 2812 31;
1603 2746 1697 2801 sed
1734 2764 1915 2799 sensus
1938 2746 2029 2799 hic
2057 2748 2305 2819 requirit,
2342 2763 2405 2801 ut

1379 2825 1568 2879 Medea
1592 2828 1755 2897 jactet
1786 2842 1843 2878 se
1866 2825 2113 2877 Jasonem
2134 2827 2288 2879 morti
2308 2830 2403 2880 eri-

1381 2906 1561 2977 puisse
1576 2945 1592 2970 ,
1612 2923 1723 2958 non
1746 2922 1801 2957 se
1821 2904 1989 2975 ipsam
2006 2944 2022 2969 ,
2042 2908 2189 2957 Illum
2210 2926 2304 2974 ego
2307 2927 2405 2975 per

1361 2988 1629 3053 flammas,
1652 2996 1754 3039 etc.
1776 2987 1948 3051 Eripui
1967 2988 2062 3035 Isto
2077 3022 2093 3047 ,
2101 2985 2302 3051 fateor‘,
2316 2988 2401 3039 vel

1382 3068 1554 3133 En'pui
1560 3104 1577 3126 ‚
1583 3066 1777 3133 fateor,
1796 3068 1909 3115 Icto.
1938 3063 2127 3135 Itaque
2150 3064 2239 3117 hic
2266 3066 2403 3119 sorte

1382 3165 1460 3197 me
1489 3144 1773 3198 delendum
1787 3184 1803 3209 ,
1821 3153 1872 3196 et
1895 3141 2175 3214 legendum
2194 3182 2211 3207 ‚
2234 3148 2407 3214 En'pui

1381 3230 1480 3277 leto
1482 3228 1680 3292 fateor,
1702 3242 1843 3274 arma
1867 3224 2015 3290 impia
2040 3224 2227 3290 sumpsi
2236 3242 2256 3272 .·
2286 3224 2403 3276 ulti·

1383 3321 1523 3355 mam
1558 3302 1697 3356 enim
1736 3302 1791 3353 iu
1810 3302 1989 3369 fateor
2016 3299 2107 3351 hic
2142 3300 2399 3371 produci,

1384 3394 1637 3453 sequente
1656 3379 1781 3433 licet
1797 3380 1995 3439 vocali,
2022 3378 2135 3431 sine
2155 3382 2404 3453 exemplo

1383 3480 1493 3512 non
1518 3478 1630 3513 esse
1657 3478 1815 3512 nemo
1845 3458 2037 3522 nescit3
2064 3458 2169 3524 vel,
2198 3461 2369 3527 En'pui
2385 3502 2401 3526 ,

1370 3540 1569 3608 fateor,
1592 3543 1711 3601 leto,
1732 3538 1875 3589 anua
1893 3528 2041 3606 im'pia
2061 3543 2242 3606 sumpsi
2261 3576 2276 3601 ,
2305 3540 2407 3592 fre-

1384 3618 1569 3689 quenti
1610 3616 1751 3689 apud
1781 3616 2067 3689 Virgilium
2104 3617 2313 3687 ipsum,
2352 3631 2405 3672 et

1382 3697 1435 3749 iu
1464 3698 1547 3750 his
1569 3715 1784 3769 quoque
1812 3695 2137 3750 centonibus
2164 3696 2332 3751 hiatu.

1459 3776 1579 3846 157.
1607 3780 1707 3827 Sed
1728 3778 1852 3843 quid
1867 3793 1961 3843 ego
1992 3777 2099 3826 hoec
2131 3789 2291 3826 autem
2322 3798 2407 3829 ue·

1385 3858 1654 3924 quidquam
1679 3857 1880 3923 ingrata
1900 3858 2116 3905 revolvo?
2127 3853 2296 3906 Totus
2314 3855 2402 3908 hic

1382 3952 1564 3987 versus
1606 3946 1683 3987 est
1715 3954 1775 3987 ex
1797 3934 1991 4005 virgil.
2025 3936 2149 3995 ΑΕΒ,
2188 3932 2279 3985 lib.
2310 3935 2399 3997 11,

1384 4032 1432 4065 v.
1464 4032 1581 4080 101,
1598 4014 1689 4067 uhi
1714 4030 1877 4066 autem
1897 4012 2041 4066 deest
2066 4010 2123 4063 iu
2144 4010 2403 4082 fragmen-

1385 4104 1441 4144 to
1469 4091 1683 4159 Moreti,
1720 4104 1779 4145 ut
1818 4093 2017 4147 notavit
2050 4090 2230 4142 Burm.
2264 4092 2397 4144 sorte
