2964 4690
606 385 700 454 60

1327 387 1989 455 COLUMELLA

697 510 840 578 Nec
882 507 1164 602 genitrix
1213 509 1350 578 uati
1384 531 1565 576 nunc
1600 507 2031 601 adspernatur
2064 529 2355 574 amorem
2375 558 2394 590 ‚

699 616 826 685 Sed
873 617 1124 710 patitur
1159 641 1365 687 nexus
1403 617 1739 686 flammata
1780 616 2090 711 cupidine
2124 614 2365 685 Tellus,

697 727 870 796 Hinc
909 729 1150 815 maria,
1183 727 1343 796 hinc
1379 742 1679 815 monta,
1706 728 1864 796 hinc
1898 740 2078 796 totus
2112 725 2399 818 denique
2428 722 2726 792 mundus

697 840 836 905 Ver
848 839 1015 932 agit:
1033 838 1190 906 hinc
1205 837 1579 924 hominum,
1590 833 2430 931 pecudum‚volucrumque
2444 830 2722 926 cupide,

696 949 918 1038 Atque
954 971 1144 1015 amor
1177 946 1457 1042 ignescit
1490 948 1733 1029 menti,
1768 946 2080 1038 saevitque
2116 941 2455 1026 medullis»,

695 1059 876 1124 Dum
909 1057 1142 1125 satiata
1161 1059 1390 1126 Venus
1426 1055 1743 1126 fecundos
1779 1054 2109 1149 compleat
2142 1069 2324 1124 artus
2342 1105 2361 1139 ,

689 1165 776 1232 Et
811 1180 1081 1258 generet
1112 1167 1326 1244 varias
1360 1163 1618 1234 soboles
1634 1219 1653 1248 ‚
1690 1189 2075 1259 semperque
2110 1163 2485 1258 frequentet

693 1272 889 1343 Prole
924 1299 1096 1343 nova
1131 1274 1495 1352 mundum..
1536 1299 1745 1343 vacuo
1776 1299 1859 1342 ne
1898 1288 2163 1366 torpeat
2193 1297 2349 1342 aevo.

793 1383 926 1452 Sed
957 1383 1120 1477 quid
1156 1410 1281 1479 ego
1316 1384 1578 1453 infreno
1618 1383 1894 1453 volitare
1926 1408 2043 1477 per
2074 1383 2320 1452 aethera
2354 1403 2554 1450 cursu
2641 1405 2723 1442 21⁵

695 1497 934 1562 Passus
973 1517 1214 1586 equos,
1253 1493 1464 1562 audax
1503 1491 1770 1564 sublimi
1807 1493 2072 1561 tramite
2111 1489 2382 1585 raptor?

693 1603 830 1669 Ista
868 1616 1063 1670 canat
1102 1603 1352 1694 majore
1391 1607 1575 1689 Dec,
1598 1625 1796 1696 quem
1832 1601 2159 1696 Delphica
2191 1599 2415 1670 laurus

609 1861 716 1915 filia
742 1862 926 1915 Acrisii
947 1861 1262 1934 Argivorum
1280 1864 1441 1935 regis.
1463 1863 1619 1918 Unde

609 1945 810 1993 Inachis
835 1944 1092 1994 Act-idone
1126 1940 1318 1997 dicitur
1355 1947 1537 1998 Danae
1562 1943 1619 1996 in

609 2021 755 2092 Eleg.
773 2021 924 2092 Virg.
951 2020 1040 2075 ad.
1067 2020 1272 2076 Metal.
1299 2041 1350 2074 ν.
1376 2022 1461 2076 33.

683 2103 802 2155 206.
849 2107 1005 2168 Inque
1040 2104 1176 2158 sinus
1215 2105 1401 2154 matris.
1436 2101 1621 2154 Vct-no

611 2180 780 2232 imbre
804 2180 944 2233 Jovis
967 2165 1050 2233 vei
1072 2179 1324 2244 AEtheris,
1349 2180 1497 2251 quasi
1522 2198 1618 2252 pa-

613 2258 737 2322 tris,
769 2257 1041 2312 fecundari
1068 2258 1319 2319 Terram,
1345 2258 1499 2330 quasi
1516 2278 1623 2311 ma·

609 2350 767 2400 trem,
793 2356 915 2393 cum
941 2356 1108 2409 enque
1128 2338 1453 2394 connubium
1477 2339 1620 2401 fieri,

611 2417 856 2489 frequens
871 2427 950 2469 est
970 2416 1487 2489 allegoria,veterum
1502 2420 1625 2472 ecri-

609 2508 822 2568 ptorum
841 2496 1018 2549 multis
1037 2495 1164 2549 locis
1183 2496 1446 2550 celebrata
1461 2537 1478 2563 ,
1495 2516 1626 2570 quo-

1778 1872 1896 1928 ²¹4·
1930 1871 2215 1932 Frequenter
2235 1869 2379 1918 Prole
2419 1883 2545 1916 nova
2578 1883 2731 1915 muta—

1706 1949 1841 1995 dum.
1875 1943 2087 1996 Petiisse
2133 1943 2341 1997 videtur
2382 1961 2415 1996 a
2450 1941 2730 2008 Lucretio,

1706 2023 1799 2094 qui
1824 2022 1913 2076 lib.
1939 2023 1988 2085 1,
2022 2025 2107 2088 18,
2129 2021 2197 2075 de
2218 2022 2429 2075 Venere
2450 2041 2464 2076 :
2492 2047 2517 2067 ι
2534 2021 2733 2075 Omni·

1706 2103 1807 2154 bus
1832 2101 2089 2154 incutiens
2108 2101 2367 2154 blandum
2391 2119 2490 2172 per
2508 2111 2733 2171 pectora

1706 2199 1935 2232 amorem
1950 2179 2152 2246 Efficis,
2166 2191 2227 2232 ut
2238 2177 2427 2250 cupide
2436 2178 2735 2250 generatim

1708 2258 1858 2311 saech
1902 2269 2194 2331 propagent
2218 2284 2265 2310 n.
2311 2259 2467 2311 Cous.
2512 2256 2731 2328 Per-vig.

1707 2337 1847 2390 Ven.
1877 2337 2055 2407 65-67.

1780 2416 1902 2470 215.
1928 2418 2148 2486 lnsroeno
2174 2415 2381 2487 Gryph.

1782 2500 1898 2549 216.
1923 2501 2102 2565 Raptus
2128 2493 2367 2566 vulgata.
2410 2497 2540 2561 Quid
2564 2498 2608 2545 si
2640 2515 2736 2547 ra-

609 2593 729 2627 rum
753 2574 1042 2645 praecipuos
1063 2575 1303 2627 recensui
1320 2576 1380 2627 in
1405 2576 1622 2630 Excute.
1698 2573 2037 2645 pter-1³Gesn.
2068 2584 2120 2627 et
2144 2574 2219 2627 sic
2243 2590 2303 2625 re
2338 2574 2453 2646 ipsa
2478 2572 2735 2627 scribunt

613 2652 682 2707 ad
706 2654 906 2724 Pervig.
927 2653 1068 2705 Ven.
1109 2653 1242 2726 (huj.
1269 2672 1358 2725 op.
1387 2665 1516 2709 tom.
1542 2656 1627 2725 11,

609 2752 664 2805 p.
697 2731 816 2786 532.
839 2732 964 2799 En.)
986 2730 1130 2805 qnod
1157 2732 1332 2804 ipsum
1359 2732 1626 2807 Pei-vigilii

614 2830 824 2865 carmen
843 2824 1016 2864 totum
1041 2810 1150 2863 fere
1179 2830 1243 2865 ex
1268 2812 1364 2865 ista
1383 2813 1626 2884 allegoria

615 2891 902 2947 deductum
931 2902 1024 2945 est.
1045 2920 1117 2931 —
1141 2894 1320 2962 Defluit
1337 2892 1395 2946 L.
1420 2893 1466 2945 J.
1490 2893 1547 2945 Β.
1566 2894 1623 2946 R.

616 2982 666 3024 et
681 2972 765 3025 vir
789 2971 928 3026 doct.
947 2967 1018 3022 ad
1043 2969 1165 3022 Ald.

686 3069 804 3121 ²07·
828 3050 1055 3101 Gonia-ix
1079 3049 1344 3121 pleraque
1362 3047 1512 3103 editt.
1537 3070 1626 3118 ge·

617 3132 782 3181 nect-ix
809 3130 878 3181 D.

692 3209 811 3260 208.
830 3213 899 3259 Ee
915 3210 1106 3275 patitur
1129 3206 1216 3259 Sa.
1245 3237 1316 3246 —
1338 3212 1436 3259 Sed
1440 3211 1630 3275 patitur

617 3302 790 3336 nexus.
812 3283 1054 3338 Admittit
1083 3284 1320 3358 copulari
1343 3286 1497 3358 quasi
1513 3304 1626 3339 ma-

617 3360 757 3412 ritali
791 3360 1000 3418 vinculo
1017 3401 1033 3429 ,
1074 3384 1112 3417 s.
1157 3364 1374 3436 nuptiis.
1416 3365 1625 3435 Pervig.

620 3440 759 3492 Ven.
777 3457 831 3492 ν.
858 3439 944 3509 59:
969 3470 994 3489 κ
1016 3442 1276 3505 Graeci-it,
1301 3461 1407 3515 quo
1425 3444 1629 3515 primus

618 3517 806 3571 AEther
824 3522 1088 3591 copulavit
1113 3524 1325 3595 nuptias
1340 3564 1355 3589 ,
1381 3536 1475 3576 etc.
1498 3550 1524 3569 a·

694 3618 720 3649 2
735 3618 752 3648 1
765 3616 788 3649 1
800 3637 814 3649 .
839 3605 993 3650 Amor
1015 3604 1404 3669 ignescitmemi.
1418 3608 1629 3655 Mentem

619 3754 752 3808 lium
773 3757 1053 3830 adsignant
1071 3772 1252 3832 poetoe.
1269 3763 1421 3833 Virg.
1434 3760 1626 3832 Geor-g.

618 3833 726 3902 111,
752 3841 871 3909 267:
902 3863 924 3884 ·
943 3838 1112 3893 Furor
1137 3851 1213 3893 est
1232 3842 1451 3912 insignis
1474 3859 1632 3912 equa-

620 3933 762 3979 rum,
777 3917 843 3968 Et
865 3930 1094 3972 mentem
1112 3919 1295 3974 Venus
1309 3921 1422 3993 ipsa
1438 3920 1629 3973 dedit».

622 3993 923 4048 Permven.
939 4015 987 4047 v.
1010 3998 1105 4051 63:
1129 4022 1149 4043 α
1169 4000 1286 4069 Ipsa
1305 4019 1460 4053 venas
1475 4013 1633 4071 atque

623 4087 846 4131 mentem
875 4090 1173 4147 permeante
1200 4080 1384 4151 spiritu
1403 4118 1418 4143 ,
1446 4093 1543 4133 etc.
1573 4104 1594 4125 ι

1709 2653 1794 2707 Sa.
1814 2665 1867 2707 et
1886 2656 2036 2707 Dem.
2057 2652 2275 2727 conjicit
2296 2652 2456 2705 etiam
2475 2652 2560 2705 vir
2578 2652 2737 2707 doct.

1712 2732 1779 2785 ad
1797 2750 1946 2787 oram
1972 2730 2094 2785 Ald.
2117 2761 2187 2771 ——
2206 2738 2387 2784 Passus
2416 2749 2583 2799 equos.
2620 2732 2737 2787 Sed

1712 2812 1843 2885 qnid
1864 2830 1963 2885 ego
1986 2811 2199 2883 ingenio
2222 2828 2342 2864 meo
2378 2808 2529 2864 frena
2548 2810 2739 2864 remit-

1712 2905 1829 2947 tem
1870 2903 2068 2945 temere
2108 2903 2220 2944 tam
2260 2889 2503 2943 sublimia
2545 2888 2737 2943 dicere

1710 2972 1902 3035 audeo,
1912 2983 2165 3043 tanquam
2176 2970 2451 3023 Phaethon
2459 2968 2737 3022 adfectans

1711 3051 1901 3105 athera
1946 3068 2103 3104 cursu
2130 3049 2419 3120 pervolare.
2442 3054 2626 3116 Raptor
2653 3066 2737 3101 ex

1712 3131 1867 3184 bonis
1884 3130 2154 3184 codicibus
2174 3128 2376 3181 restitui
2393 3165 2410 3192 ,
2434 3126 2489 3180 h.
2512 3144 2556 3180 e.
2584 3128 2733 3197 rapi-

1714 3210 1780 3264 de
1802 3210 1943 3264 feror
1962 3247 1977 3272 ,
2018 3207 2101 3261 vel
2143 3226 2301 3261 curro
2320 3228 2335 3273 ;
2376 3218 2434 3259 ut
2468 3220 2739 3273 raptantur

1714 3302 1939 3341 amantes
1965 3289 2128 3353 Sagrri
2161 3285 2307 3358 apud
2344 3285 2595 3356 Calpurn.
2632 3284 2685 3333 X
2712 3326 2733 3350 ,

1713 3370 1802 3423 56.
1830 3368 1908 3420 De
1932 3364 2257 3419 Phaethonte
2276 3365 2387 3435 ipso
2410 3360 2571 3416 ovid.
2590 3362 2729 3416 Met.

1715 3447 1787 3507 11,
1808 3447 1944 3508 234:
1966 3468 1988 3492 c
2006 3443 2220 3497 arbitrio
2261 3443 2531 3496 volucrum
2550 3452 2733 3514 rapta—

1714 3538 1802 3578 tur
1820 3540 2079 3595 equorum
2094 3547 2136 3573 ιι.

1789 3621 1905 3673 217.
1948 3604 2097 3653 Canie
2120 3606 2265 3653 Dem.
2290 3603 2477 3670 majore
2499 3600 2549 3651 J.
2576 3598 2634 3649 B.
2658 3600 2728 3653 R.

1715 3684 1764 3735 J.
1802 3682 1850 3734 J.
1880 3682 1943 3733 H.
1966 3683 2026 3733 A.
2056 3683 2181 3752 Arg.
2208 3680 2273 3733 G.
2307 3683 2501 3749 majora
2537 3678 2630 3731 rel.
2656 3708 2737 3719 «-

1714 3768 1839 3827 Isca,
1862 3779 2050 3833 nempe
2067 3760 2276 3812 Naturae
2299 3756 2570 3831 mysteria,
2602 3776 2737 3827 quae

1701 3834 1969 3895 ‘haetenus
1990 3839 2174 3911 adfigi,
2200 3852 2252 3893 et
2272 3838 2427 3909 quale
2440 3849 2517 3891 est
2542 3836 2735 3889 AEthe-

1718 3920 1789 3973 ris
1806 3932 1856 3972 et
1876 3920 2050 3973 Terrae
2073 3916 2425 3978 connubium,
2450 3914 2517 3969 nd
2545 3933 2737 3986 perpe-

1719 4011 1863 4051 tuam
1880 4014 2053 4051 rerum
2082 3996 2493 4067 procreationem
2520 3992 2735 4052 efficax,

1722 4093 1871 4130 canae
1891 4080 2073 4145 majore
2090 4082 2212 4141 Deo,
2240 4075 2444 4145 majoris
2468 4084 2519 4126 et
2540 4084 2735 4145 poten·
