2964 4690
528 321 665 409 546

514 957 619 1010 lam
639 953 763 1014 ,vide
786 952 877 1006 lib.
890 953 971 1006 VI
993 952 1350 1026 metamorph.
1373 953 1534 1007 Ovid.

582 1053 665 1088 υ,
700 1039 948 1086 Barbarus
964 1035 1046 1086 ‘est
1070 1036 1249 1100 lydus.
1275 1033 1447 1086 Plaut.
1476 1031 1532 1084 in

507 1113 890 1180 Bacchidibus,
919 1125 1022 1168 act.
1048 1131 1075 1166 ι
1092 1153 1110 1180 ,
1148 1132 1220 1168 sc.
1242 1133 1271 1167 2
1294 1131 1311 1167 e
1338 1111 1532 1167 «Ian.

508 1197 589 1248 An
607 1195 750 1248 Deus
770 1205 854 1248 est
868 1193 1010 1247 ullus
1028 1191 1535 1248 Suavis-suaviatio?

506 1276 755 1330 Ptswcn.
781 1279 864 1326 An
900 1273 1240 1344 nonputasti
1275 1272 1417 1328 esse?
1447 1273 1530 1326 ni·

504 1356 675 1408 mium
692 1373 882 1426 quam,
909 1374 943 1407 o
964 1353 1139 1426 Lyde,
1164 1372 1220 1406 es
1240 1353 1529 1407 barbarus!

506 1436 683 1500 Quem
708 1451 809 1504 ego
828 1451 1009 1504 sapere
1028 1432 1196 1486 nimio
1215 1432 1393 1485 censui
1411 1432 1533 1504 plus

504 1532 663 1586 quam
676 1507 899 1566 Thalem
909 1553 927 1582 ,Ι
940 1515 985 1578 Ι,
1008 1511 1216 1566 stultior
1234 1529 1289 1565 es
1302 1511 1532 1564 barbaro

390 1628 397 1636 -
501 1592 830 1658 Potitio,Qui
854 1581 1029 1644 tantus
1046 1603 1177 1645 natu
1190 1592 1423 1644 Deorum
1440 1610 1533 1645 ne-

503 1672 604 1725 scis
630 1670 849 1725 nomina
864 1696 906 1724 a.
937 1669 1021 1722 Ad
1048 1689 1207 1743 quem
1236 1671 1415 1724 locum
1445 1689 1532 1724 re·

500 1751 665 1823 spexit
676 1749 864 1821 procul
876 1749 1039 1802 dubio
1055 1751 1331 1803 Ausonius.
1346 1751 1534 1823 Neque

502 1831 643 1884 enim
684 1830 817 1882 adeo
856 1830 1072 1882 barbari
1100 1829 1285 1902 Lydiae
1310 1830 1533 1902 populi,

498 1909 593 1981 qui
630 1907 787 1980 primi
823 1919 1094 1960 monetam
1134 1920 1533 1978 percusserunt,

496 2001 551 2042 et
576 1987 933 2041 instituerunt.
956 2017 1027 2027 —-
1047 1991 1231 2040 Bellax
1257 1991 1400 2040 Genu.
1424 1987 1530 2040 Ve-

495 2080 582 2122 tus
624 2067 757 2120 liber
788 2071 966 2136 pellax
1014 2066 1139 2117 Geta
1155 2105 1171 2128 ,
1218 2085 1327 2119 non
1370 2066 1528 2119 male.

498 2147 679 2200 Pellax
705 2158 812 2211 est,
840 2147 935 2217 qui
959 2143 1225 2198 blanditiis
1252 2143 1451 2216 pellicit
1478 2155 1530 2199 et

496 2225 719 2299 decipit,
753 2237 813 2278 ut
856 2225 1051 2278 Servus
1080 2221 1212 2277 Geta
1259 2222 1315 2276 in
1354 2223 1527 2277 Phor·

492 2306 671 2359 mione
697 2299 949 2359 Terentii.
988 2302 1296 2376 suspicatur
1324 2301 1528 2357 Tollius

494 2386 665 2438 bellax
723 2388 850 2437 Geta
865 2423 879 2447 ,
924 2384 1155 2455 optime;
1206 2402 1331 2436 mox
1386 2383 1526 2435 enim

492 2464 718 2537 opponit
725 2464 980 2531 femineus
1002 2466 1184 2527 Phryx.
1204 2462 1350 2516 Getae
1378 2462 1526 2516 belli-

491 2544 624 2606 cosi,
643 2542 861 2595 Horatio
880 2542 1031 2611 rigida·
1048 2546 1200 2594 Getoe.
1224 2540 1526 2595 Priscianus

496 2624 552 2674 in
562 2621 841 2693 Periegesi,
856 2627 958 2688 294
975 2638 988 2672 :
1016 2618 1155 2688 «Hic
1171 2628 1293 2673 sunt
1310 2611 1527 2672 Germa·

494 2701 659 2772 nique
697 2712 901 2767 truces,
945 2712 997 2752 et
1030 2700 1272 2754 Sarmata
1308 2699 1524 2766 bellax,

493 2781 666 2851 Atque
682 2779 883 2832 Getae».
901 2777 1231 2855 Populorum
1252 2778 1523 2831 variorum

491 2876 666 2911 mores
691 2858 888 2920 refert,
916 2869 975 2909 ut
1006 2856 1187 2909 videre
1222 2865 1315 2910 est.
1344 2888 1413 2897 —
1437 2862 1524 2909 Fe·

492 2940 679 2989 mineus
703 2939 892 3006 Phryx.¹
910 2936 998 3004 Sic
1019 2934 1087 2989 de
1102 2936 1269 2989 AEnea
1297 2948 1347 2988 et
1369 2936 1522 2991 sociis

490 3020 603 3090 ejus
630 3016 927 3089 Phrygibus
956 3016 1134 3068 Iarbas
1172 3014 1267 3069 lib.
1296 3016 1376 3068 lv
1395 3015 1518 3069 AEn.

490 3095 592 3149 215
612 3112 627 3147 ε
648 3121 673 3141 α
688 3096 756 3147 Et
774 3112 921 3147 nunc
944 3093 1033 3145 ille
1052 3092 1205 3145 Paris
1224 3114 1346 3167 cum
1365 3095 1518 3149 semi·

487 3174 603 3228 viro
642 3169 895 3227 comitatu
908 3213 923 3239 ,
950 3184 1049 3224 etc.
1070 3198 1094 3217 ω
1142 3204 1211 3213 -
1265 3178 1516 3227 FoenInem

486 3256 678 3321 Phryx.
716 3252 786 3305 In
826 3270 916 3304 eos
953 3268 1169 3323 quoque
1205 3247 1406 3305 dictum
1440 3264 1519 3307 est

485 3342 535 3386 et
574 3331 743 3402 pla‘gis
783 3330 1029 3384 meliores
1070 3330 1184 3383 fieri
1226 3326 1425 3396 solere,
1466 3344 1520 3387 et

484 3413 601 3464 s'ero
644 3428 841 3481 sapere.
898 3410 1141 3475 Quorum
1186 3410 1408 3463 alterum
1450 3412 1509 3463 in

484 3489 603 3542 illos
651 3500 870 3561 usurpat
917 3487 1128 3541 Tullius
1149 3527 1164 3552 ‚
1223 3483 1357 3543 orat.
1409 3508 1511 3562 pro

482 3570 543 3621 L.
564 3569 753 3622 Flacco
768 3588 787 3633 ,·
812 3568 904 3640 qui
928 3566 1103 3621 servili
1129 3574 1251 3620 sunt
1276 3570 1510 3641 ingenie,

480 3648 707 3703 altemm
734 3634 897 3719 Epist.
920 3644 1105 3700 Famil.
1122 3646 1181 3701 in
1205 3646 1323 3701 illos
1338 3686 1356 3713 ,
1375 3664 1512 3722 quos

480 3729 617 3782 male
640 3728 897 3800 factorum
927 3746 1044 3794 sero
1068 3728 1309 3799 poenitet.
1489 3794 1494 3799 p

554 3804 640 3861 23.
676 3810 900 3859 Fallaces
939 3810 1160 3875 Ligures.
1198 3804 1391 3861 Praeter
1428 3806 1511 3860 lo-

483 3905 607 3939 cum
627 3906 657 3940 a
676 3897 864 3938 nostro
883 3884 1170 3956 interprete
1193 3883 1429 3939 adlatum
1446 3905 1511 3939 ex

482 3965 735 4028 AEneide,
750 3964 833 4016 xl
855 4003 871 4029 ‚
897 3982 1023 4034 701,
1047 3964 1141 4017 ubi
1164 3962 1232 4017 de
1252 3965 1411 4016 Auno
1424 3965 1512 4017 Li-

484 4060 616 4113 gure
638 4043 774 4097 dixit
796 4043 953 4096 Poeta
980 4060 995 4094 τ
1036 4042 1231 4096 -Haud
1246 4038 1510 4115 Li'guru'm

1368 327 1798 398 AUSONII

528 451 862 522 Barbarus
902 463 1003 517 est
1040 448 1300 543 Lydus,
1332 447 1550 518 bellax
1589 453 1800 538 Geta,
1837 449 2157 520 femineus

521 557 814 628 Fallaces
848 558 1169 653 Ligures:
1205 557 1393 628 nullo
1430 561 1596 628 situs
1641 561 1711 628 in
1749 562 1966 654 pretio

516 670 781 742 Vellera
812 670 1101 764 depectit
1138 668 1500 739 nemoralia
1539 671 1882 739 vestifluus

514 785 693 854 Nota
737 783 807 849 in
843 781 1169 876 portentis
1201 779 1520 849 Thebana
1557 781 2040 876 tricorporibus

2311 452 2548 547 Phryx.

2399 567 2494 634 Ca
2502 591 2553 632 r.

2419 675 2558 742 Ser.

2272 781 2548 876 Sphinx.
2607 811 2656 846 ις

1623 967 1912 1022 extremus,
1963 956 2094 1009 dum
2139 958 2329 1012 fallere
2376 958 2482 1010 fata
2525 959 2654 1014 sine-

1622 1034 1750 1086 bant
1779 1043 1835 1100 -'‚
1873 1035 2095 1088 alterum
2139 1043 2205 1091 ex'
2251 1035 2438 1092 eodem
2481 1037 2654 1100 libro,

1621 1123 1781 1184 atque
1816 1115 1979 1170 etiam
2013 1133 2077 1170 ex
2115 1116 2314 1188 Georg.
2351 1117 2408 1168 11
2441 1115 2652 1172 adferre

1621 1194 1809 1266 potuit.
1830 1193 1989 1248 Unde
2011 1194 2228 1266 quidam
2252 1195 2546 1250 existimant
2557 1198 2650 1250 Li-

1621 1291 1778 1344 gures
1804 1293 1834 1327 a
1853 1273 2086 1346 Virgilio
2103 1277 2242 1328 male
2264 1275 2496 1340 habitos,
2523 1294 2650 1345 pro·

1620 1361 1740 1421 pter
1759 1352 2020 1424 privatam
2039 1353 2272 1426 aliquam
2291 1353 2650 1406 offensam.—

1621 1431 1774 1483 Nullo
1803 1435 1922 1484 situs
1957 1437 2006 1484 in
2033 1438 2192 1502 preu'o
2221 1436 2332 1486 Car.
2365 1431 2506 1485 Hinc
2537 1452 2654 1503 pro-

1622 1510 1862 1563 verbium
1886 1549 1904 1576 ,
1940 1515 1993 1563 in
2033 1515 2160 1564 Care
2200 1515 2467 1582 periculum
2487 1549 2504 1575 ,
2543 1511 2650 1565 hoe
2759 1559 2766 1564 .

1621 1600 1718 1652 est,
1748 1591 1831 1644 fac
1857 1590 2158 1663 periculum
2187 1591 2244 1645 in
2269 1609 2329 1645 re
2355 1589 2446 1642 vili
2464 1628 2480 1654 ‚
2513 1602 2574 1642 ut
2607 1593 2650 1644 si

1622 1669 1761 1721 male
1813 1671 2125 1724 successerit
2142 1712 2158 1738 ‚
2219 1669 2480 1744 dispendii
2539 1689 2648 1723 non

1622 1747 1848 1801 multum
1876 1747 2081 1822 capias:
2102 1749 2244 1822 quod
2271 1748 2395 1802 inde
2421 1759 2648 1802 tractum

1623 1834 1862 1880 autumat
1881 1833 2144 1895 Erasmus,
2171 1829 2315 1902 quod
2335 1829 2492 1882 Cares
2511 1847 2647 1881 mer—

1620 1906 1750 1961 cede
1801 1925 1900 1980 pro
1951 1907 2068 1962 aliis
2117 1909 2380 1980 quibusve
2433 1909 2650 1979 populis

1621 1985 1905 2040 militantes
1916 2009 1938 2048 ·,
1959 1987 2027 2040 ab
2047 1987 2113 2041 iis
2141 1987 2299 2060 primi
2327 1987 2383 2040 in
2407 1986 2519 2041 acie
2541 1987 2650 2040 col·

1619 2065 1782 2119 locari
1802 2067 2062 2134 solerent3
2093 2080 2173 2131 ut,
2192 2067 2392 2138 primos
2409 2067 2646 2120 hostium

1617 2145 1874 2217 impetus,
1902 2147 2146 2200 mercede
2172 2147 2558 2201 conductorum
2581 2165 2647 2200 ac

1615 2223 1800 2278 vilium
1841 2225 2122 2278 hominum
2165 2225 2404 2297 periculo
2428 2263 2443 2288 ,
2508 2225 2646 2280 exci-

1615 2304 1846 2379 pientes,
1866 2306 2068 2361 civibus
2093 2307 2204 2361 suis
2229 2318 2520 2383 parcerent.

1689 2394 1776 2449 24.
1839 2388 2036 2439 Vellera
2095 2388 2303 2455 depectit
2350 2390 2642 2439 nemoralia.

1613 2460 1940 2518 Prudentius
1978 2464 2032 2517 in
2069 2462 2362 2535 Hamartig.
2395 2482 2469 2517 vs.
2507 2466 2642 2518 286:

1615 2568 1638 2591 ι
1663 2542 1906 2596 Genuina
1941 2539 2080 2597 leves
2108 2556 2167 2598 ut
2191 2544 2385 2597 robora
2409 2544 2644 2609 solvant,

1614 2620 1830 2675 Vellere
1873 2640 1982 2674 non
2023 2622 2203 2676 ovium
2221 2661 2236 2686 ,
2282 2621 2372 2676 sed
2415 2622 2530 2675 Eoo
2575 2642 2640 2677 ex

1611 2700 1740 2753 orbe
1778 2700 1951 2771 petitis
1987 2702 2273 2755 Ramorum
2311 2700 2489 2773 spoliis
2516 2702 2640 2755 flui-

1610 2788 1778 2833 tantes
1817 2800 2026 2835 sumere
2066 2777 2289 2835 amictus
2320 2780 2638 2835 Gaudent».

1609 2889 1680 2899 —-
1701 2862 1952 2931 Vesq'fluus
1983 2866 2085 2913 Ser.
2125 2861 2428 2914 orientales
2455 2862 2638 2933 populi

1607 2936 1759 2991 Seres
1779 2937 1836 2991 id
1855 2956 1978 2992 cum
1997 2948 2108 2993 toto
2119 2938 2340 2993 Oriente
2355 2958 2640 2993 commune

1607 3015 1876 3071 habehant
1901 3058 1917 3083 ,
1973 3028 2033 3071 ut
2086 3016 2280 3071 vestitu
2326 3016 2633 3071 adfluerent.

1605 3096 2050 3161 L'ucanus,V111,
2073 3098 2206 3153 365:
2229 3124 2255 3145 ι
2273 3096 2546 3169 Quidquid
2566 3098 2635 3149 ad

1604 3176 1744 3229 Eoos
1771 3172 1968 3229 tractus
1983 3184 2001 3242 ᾗ
2042 3176 2340 3248 mundique
2369 3188 2602 3249 teporem
2618 3218 2638 3242 ‚

1605 3252 1857 3323 Labitur,
1899 3252 2101 3309 emollit
2143 3268 2322 3327 gentes
2358 3255 2633 3310 clementia

1605 3334 1733 3387 celi.
1761 3332 1878 3389 Illic
1906 3346 1960 3389 et
1998 3336 2144 3389 laxas
2176 3346 2376 3399 vestes,
2404 3346 2456 3388 et
2490 3334 2634 3388 fluxa

1606 3410 1844 3465 virorum
1871 3412 2180 3468 Velamenta
2211 3414 2360 3469 vides
2389 3440 2435 3465 υ.
2487 3415 2631 3467 Loco

1600 3490 1784 3545 versus
1803 3491 1962 3566 hujus
1987 3494 2181 3547 habent
2209 3492 2465 3547 editiones
2489 3510 2632 3565 que-

1597 3570 1721 3623 dam
1745 3588 1760 3623 :
1789 3572 1925 3626 «Res
1948 3572 2085 3627 Asin
2107 3572 2334 3644 quantas
2355 3572 2460 3627 leto
2486 3572 2633 3625 dedit
2673 3598 2688 3613 ο

1600 3644 1887 3705 immeritas
1913 3650 2086 3705 fraus!
2117 3679 2143 3699 ι·
2683 3666 2692 3672 ”

1673 3731 1757 3783 25.
1781 3737 1842 3782 In
1856 3734 2093 3800 portentis
2117 3730 2634 3805 tricorporibus-Qua-

1599 3806 1666 3860 lia
1705 3820 1827 3863 sunt
1859 3810 2107 3884 Geryon,
2152 3812 2446 3877 Chimaera,
2487 3808 2629 3863 Rar-

1598 3886 1735 3961 pyloe
1753 3927 1770 3952 ,
1796 3900 1892 3942 etc.
1924 3921 1996 3931 --
2029 3886 2286 3945 Thebana.
2301 3898 2342 3944 2.
2418 3890 2629 3958 Sphinx.

1597 3966 1675 4019 De
1713 3964 1948 4040 Sphinge
1991 3986 2144 4042 supra
2195 3968 2262 4021 ad
2307 3985 2518 4023 versum
2562 3968 2633 4021 38

1595 4044 1800 4117 eriphi.
