2964 4690
1054 380 1654 451 AENIGMATA.

2278 374 2415 447 365

399 504 529 576 Sed
572 528 701 572 vox
742 500 935 572 laude
970 518 1191 591 sonat,
1226 526 1359 596 qua
1398 526 1468 569 se
1509 524 1777 596 quoque
1817 497 2043 569 laudet
2085 513 2154 567 et
2190 500 2368 594 ipsa:

400 613 763 706 Quumque
802 635 1035 681 canam
1073 636 1357 707 semper,
1388 609 1620 680 nullus
1655 634 1806 679 mea
1846 610 2143 679 carmina
2177 608 2423 679 laudat.

373 806 423 839 π.
455 790 613 855 Quasi
630 805 685 838 se
706 805 899 855 quoque
911 789 1089 837 laudat
1112 788 1177 838 A.
1193 806 1317 856 qua-

302 870 349 918 si
369 885 423 918 se
444 885 642 935 quoque
662 870 833 917 laudet
848 868 1028 934 etipsa
1052 866 1112 919 C.
1138 878 1191 917 et
1203 865 1320 918 Per.

304 948 449 1013 quasi
468 964 665 1013 quoque
690 948 860 996 laudet
882 946 934 995 in
960 946 1069 1012 ipsa
1095 945 1159 996 D.
1188 955 1239 996 et
1255 945 1317 998 E.

302 1023 519 1079 Hasoeus
546 1026 809 1094 corrigere
832 1024 1071 1077 volebat:
1089 1029 1189 1075 Sed
1210 1045 1318 1077 vox

303 1107 451 1155 laude
456 1118 630 1166 meae,
644 1124 746 1172 qua
755 1123 809 1156 se
816 1108 1061 1156 collaudet
1080 1118 1131 1156 et
1142 1106 1317 1172 ipsam.

302 1182 653 1236 Heumannus
699 1195 885 1237 contra
923 1202 1135 1236 omnem
1176 1182 1321 1236 codi-

302 1270 423 1314 cum
440 1280 759 1317 consensum
790 1281 1002 1316 versum
1024 1260 1321 1317 secundum

304 1352 355 1393 et
392 1341 611 1394 tertium
660 1342 983 1414 transponit,
1020 1360 1213 1413 eosque
1246 1342 1323 1395 itu

304 1419 459 1491 legit:
488 1445 513 1467 c
534 1421 825 1493 Quumque
864 1438 1053 1475 canam
1084 1438 1326 1494 semper,

1401 786 1582 839 nulius
1595 804 1713 839 mea
1731 785 1972 839 carmina
1986 783 2169 838 laudat
2182 784 2292 839 :Sic
2310 803 2420 841 vox

1405 861 1586 917 laudet
1595 875 1882 936 caretque
1897 862 2376 937 selaudaveritipsa
2387 890 2427 917 a.

1403 946 1582 995 -Sed
1602 964 1714 995 ‘vox
1741 947 1890 996 laude
1907 957 2084 1005 sonat,
2111 962 2212 1010 qua
2238 964 2292 995 se
2305 964 2429 1013 quo-

1405 1044 1520 1091 que.
1548 1022 1652 1078 Sed
1672 1042 1778 1077 vox
1803 1042 1894 1090 eu,
1919 1022 2050 1076 dum
2078 1022 2324 1077 eumdem
2346 1042 2429 1077 so-

1406 1121 1541 1155 num
1583 1102 1872 1156 identidem
1907 1105 2071 1175 jactat
2085 1143 2101 1169 ,
2143 1102 2278 1155 nihil
2325 1102 2425 1157 nisi

1406 1180 1623 1235 laudem
1656 1200 1843 1235 sonare
1865 1180 2105 1247 videtur,
2132 1199 2240 1253 qua
2268 1193 2431 1234 semet

1408 1261 1581 1333 ipsum
1598 1280 1813 1334 quoque
1829 1258 2138 1315 collaudare
2150 1260 2295 1314 velit.
2314 1259 2431 1313 Hoc

1410 1358 1569 1395 seusu
1580 1340 1998 1402 Ovid.Met.v1‚
2021 1358 2092 1410 97
2122 1359 2136 1393 ε
2161 1365 2183 1386 ι
2205 1340 2330 1412 Ipsa
2358 1338 2430 1392 si-

1412 1420 1468 1473 bi
1479 1419 1683 1493 plaudit
1691 1420 1984 1493 crepitante
1989 1418 2192 1473 ciconia
2203 1430 2373 1471 rostro

1008 1738 1171 1804 XX.
1224 1738 1717 1807 TESTUDO.

398 1886 654 1953 Tium
690 1881 902 1975 gradu
940 1880 1123 1952 lento
1141 1936 1161 1969 ‚
1205 1883 1502 1976 specioso
1543 1883 1820 1977 praedita
1866 1884 2096 1974 dorso,

398 1996 621 2062 Docta
667 1991 939 2085 quidem
976 1990 1231 2076 studio,
1275 1991 1393 2061 sed
1434 2016 1608 2061 saevo
1639 1992 1900 2086 perdita
1935 1993 2143 2079 facto,

380 2188 407 2224 1
416 2210 431 2223 .
444 2174 669 2239 Speciosa
676 2172 891 2237 predica
898 2172 1045 2221 dorso
1058 2166 1176 2221 Per.
1186 2168 1329 2221 Cast.

306 2249 443 2303 Pith.
462 2248 815 2302 Heumannus
833 2247 1121 2301 rescribere
1146 2247 1330 2299 maluit

309 2332 541 2400 spatioso.
572 2328 749 2382 Etiam
774 2327 1020 2382 Bai-thius
1042 2326 1116 2379 sic
1146 2326 1331 2380 recita-

308 2411 383 2462 vit
399 2409 504 2463 hoe
523 2410 850 2480 epigramma
870 2406 1027 2460 Advs
1041 2406 1193 2458 XLII
1208 2446 1223 2471 ,
1240 2411 1325 2469 23,

308 2489 409 2542 nisi
432 2489 549 2542 boc
566 2488 725 2560 eulpa
752 2485 1071 2561 typographi
1104 2497 1195 2538 est.
1221 2484 1327 2552 Sed

309 2571 526 2636 specioso
556 2586 740 2621 omnes
778 2564 985 2620 codices
1021 2564 1248 2631 habent,
1276 2575 1331 2617 et

308 2644 641 2701 Camerarius
662 2646 823 2700 etiam
855 2646 911 2698 in
938 2662 1037 2698 suo
1054 2644 1212 2716 legit,
1237 2642 1330 2715 qui

312 2728 367 2780 in
398 2728 643 2782 versione
660 2729 845 2784 Grec·
860 2767 877 2794 ,
909 2744 1073 2797 quam
1092 2727 1327 2778 Rensne-

310 2825 423 2870 rus,
440 2827 497 2880 p.
517 2811 640 2869 260,
656 2807 878 2869 exhibet,
895 2805 1229 2863 ποικιλόνωτος
1245 2803 1327 2855 in-

310 2899 655 2959 terpretatur.
670 2919 741 2928 -
760 2888 1205 2956 Speciosoproedita
1214 2890 1329 2936 dor-

312 2987 386 3019 so.
408 2968 684 3020 Testudinis
711 2971 859 3018 Indoe
882 2981 1023 3036 terga
1046 2975 1201 3018 vocat
1221 2963 1328 3014 Lu-

312 3065 426 3100 can.
444 3045 519 3107 X,
545 3065 571 3099 1
583 3062 665 3101 21.
692 3048 962 3114 Specaebsum
979 3048 1172 3096 dorsum
1190 3053 1332 3096 recte

310 3127 561 3180 tribuitur
594 3123 871 3191 testudini,
919 3124 1043 3197 quia
1083 3133 1333 3196 put-men

314 3210 425 3278 ejus
434 3205 648 3258 varium
668 3215 720 3257 et
734 3204 1065 3258 maculosum
1085 3213 1189 3264 est,
1210 3213 1263 3255 et
1274 3201 1331 3254 in

312 3285 535 3340 laminas
576 3295 783 3338 sectum
814 3281 1099 3336 vestiendis
1135 3299 1333 3334 ornan-

313 3364 503 3436 disque
528 3363 734 3417 foribus
772 3361 965 3415 tedium
980 3403 997 3428 ,
1024 3360 1169 3415 lectis
1188 3360 1329 3413 aliis-

314 3461 421 3514 que
436 3442 597 3497 rebus
620 3441 995 3495 adhibebatur.
1014 3439 1145 3493 vid.
1170 3439 1335 3492 Brou-

316 3521 503 3576 ekhus.
523 3521 596 3574 sd
616 3521 819 3575 Tibull.
848 3521 955 3585 111,
991 3526 1023 3585 4
1042 3559 1059 3586 ,
1085 3519 1169 3590 37.
1192 3518 1333 3572 Hinc

318 3601 483 3662 varis,
514 3601 738 3671 pulchra
754 3640 770 3665 ,
790 3601 934 3672 picta
961 3599 1143 3652 vocari
1181 3597 1333 3651 solet.

316 3680 466 3752 virg.
483 3681 685 3752 Georg.
715 3680 789 3745 Π,
816 3679 957 3743 463:
994 3704 1019 3724 ιι
1039 3679 1149 3732 Nec
1160 3676 1337 3730 varios

318 3758 527 3812 inhiant
552 3759 778 3830 pulchra
802 3756 1065 3812 testudine
1098 3768 1271 3828 postes
1292 3779 1336 3808 ιι.

318 3837 545 3890 Martini.
582 3837 722 3904 XII,
754 3839 841 3904 66,
866 3837 931 3891 ⁵:
958 3863 985 3883 κ
1002 3836 1337 3890 Gemmantes

320 3915 485 3984 prima
528 3917 736 3989 fulgent
779 3913 1041 3970 testudine
1082 3915 1205 3968 lecti
1220 3931 1269 3980 »3
1289 3925 1342 3966 et

300 4035 311 4044 .
322 3993 457 4046 XIV
460 4031 479 4058 ,
507 3996 573 4065 87
594 4012 610 4046 τ
628 4021 655 4041 ιι
672 3995 869 4067 Accipe
884 3995 1066 4047 lunata
1089 3993 1341 4065 scriptum

323 4072 585 4127 testudine
624 4074 791 4145 sigma
809 4093 863 4140 »;
900 4073 993 4126 ubi
1037 4087 1343 4141 gememus

1414 2165 1559 2220 idem
1589 2178 1713 2220 suut
1737 2186 1802 2221 ae
1829 2168 2086 2222 maculosi
2109 2172 2195 2223 vel
2216 2174 2434 2235 oculati,

1414 2250 1644 2317 scriptum
1664 2258 1745 2299 est
1762 2246 1985 2319 pictum.

1488 2347 1537 2380 ι.
1556 2328 1700 2378 Senio
1717 2328 2090 2398 proeditafaeto
2107 2330 2170 2382 A.
2183 2334 2306 2384 duro
2314 2354 2433 2402 pro-

1416 2408 1648 2477 dieafato
1667 2406 1726 2459 C.
1745 2417 1799 2460 et
1815 2407 1931 2459 Per.
1951 2415 2302 2477 saevopraedita
2313 2415 2434 2482 sato

1414 2483 1553 2538 Cast.
1576 2495 1628 2536 et
1655 2483 1792 2538 Pith.
1819 2485 1914 2537 ubi
1937 2491 2150 2554 proediea
2173 2509 2284 2544 non
2299 2493 2437 2546 bene

1415 2563 1582 2636 repeti
1602 2580 1631 2615 e
1649 2581 1810 2616 versu
1835 2563 2019 2636 priore
2043 2566 2272 2621 videtur.
2294 2570 2434 2625 Hinc

1416 2662 1548 2695 soevo
1559 2644 1878 2711 pes-ditasato
1899 2641 2093 2698 Heum.
2113 2659 2164 2699 et
2181 2668 2312 2699 soevo
2322 2671 2440 2718 pro·

1416 2727 1522 2777 dica
1534 2723 1672 2793 sato,
1683 2721 1738 2774 h.
1767 2740 1813 2775 e.
1825 2723 1884 2774 in
1905 2723 2080 2776 lucem
2107 2725 2276 2793 edita,
2299 2729 2438 2802 Hey-

1414 2823 1530 2858 naz.
1569 2801 1707 2855 Mihi
1732 2809 1845 2874 pr'ae
1869 2803 2072 2856 caeteris
2099 2805 2300 2876 placuit
2337 2829 2434 2860 soe-

1415 2906 1472 2938 vo
1505 2887 1706 2955 perdita
1735 2886 1884 2954 sacto
1923 2916 1996 2926 —
2039 2892 2200 2940 Docta
2239 2893 2434 2958 quidem

1416 2967 1590 3032 studio,
1617 2967 1709 3016 sed
1753 2983 1882 3017 saevo
1909 2969 2106 3033 perdita
2132 2972 2299 3038 saeco.
2344 2974 2432 3024 Et·

1418 3045 1463 3098 si
1477 3061 1589 3096 non
1615 3060 1754 3114 nego
1771 3047 2130 3114 praedieafhto,
2146 3048 2228 3104 vel
2235 3051 2436 3119 prodita

1404 3127 1522 3193 saw
1550 3134 1694 3176 recte
1720 3122 1825 3178 dici
1849 3124 1920 3177 ab
1939 3138 2156 3182 auctore
2175 3129 2408 3200 potuisse
2423 3171 2440 3196 ,

1418 3203 1618 3275 optime
1635 3213 1810 3256 tamen
1837 3203 1908 3256 ad
1935 3223 2148 3259 sensum
2173 3219 2226 3260 et
2241 3227 2436 3262 nexum

1421 3283 1705 3336 verborum
1728 3284 2013 3338 convenire
2029 3285 2241 3340 videtur
2259 3287 2439 3352 lectio,

1421 3381 1584 3435 quam
1603 3361 1771 3417 codex
1788 3364 1991 3433 primus
2017 3365 2220 3438 Anglic.
2245 3367 2438 3440 partim

1421 3453 1473 3494 et
1485 3441 1597 3507 alii,
1617 3453 1924 3512 suggerunt,
1935 3463 2064 3495 ,πονο
2073 3448 2439 3516 perditafacto.

1421 3521 1508 3574 Sic
1537 3521 1681 3574 enim
1720 3523 1980 3575 sententia
2023 3521 2234 3578 duobus
2275 3528 2440 3581 versi-

1422 3601 1526 3653 bus
1543 3600 1676 3652 bene
1701 3616 1937 3654 connexa
1955 3599 2104 3657 fluit:
2135 3608 2300 3657 Smdio
2329 3606 2443 3676 qui-

1424 3679 1547 3733 dem
1567 3678 1871 3745 hominum,
1895 3683 1990 3753 qui
2017 3701 2103 3736 me
2130 3683 2326 3740 fidibus
2350 3705 2442 3758 ap·

1424 3771 1594 3812 tantes
1611 3759 1782 3831 lyram
1809 3760 2074 3829 fecerunt,
2108 3763 2305 3817 factum
2333 3779 2441 3830 est,

1427 3851 1487 3892 ut
1512 3843 1662 3890 docta
1678 3837 1781 3892 dici
1799 3840 1994 3911 possim
2018 3842 2124 3910 (sic
2147 3845 2291 3896 enim
2319 3845 2440 3896 Pro—

1428 3931 1561 3990 pert.
1587 3919 1670 3977 11,
1709 3917 1774 3971 25
1795 3958 1812 3985 ,
1835 3937 1933 3990 79:
1972 3946 1995 3969 ι
2022 3921 2156 3975 Tale
2179 3923 2308 3977 facis
2326 3941 2442 3976 car-

1429 4015 1554 4050 men
1592 3997 1745 4051 docta
1783 3999 2044 4053 testudine
2066 4021 2091 4046 ⁸
2114 4004 2135 4069 )
2156 4023 2171 4066 3
2193 4001 2284 4054 sed
2323 4003 2444 4075 quia

1434 4095 1558 4129 eum
1585 4078 1642 4129 in
1686 4075 1846 4129 finem
1886 4098 2014 4132 soevo
2040 4083 2188 4147 sacto
2220 4084 2416 4149 perdita
2431 4119 2448 4146 ‚
