2964 4690
298 405 659 425 mmm
664 407 2408 431 mmmmmmmmmmmssssm

1170 454 1184 463 η

660 650 842 739 AD
908 650 1308 740 CAELII
1376 652 2040 742 SYMPosll

830 892 1858 1020 AENIGMATA

973 1178 1724 1262 PROOEMIUM.

285 1606 595 1713 Lumcnr
648 1649 947 1713 carminis
990 1665 1055 1713 et
1094 1650 1360 1715 lusuum
1406 1650 1812 1739 poeticorum
1855 1652 2178 1739 specimen
2223 1652 2402 1717 haud

280 1752 559 1841 ignobile
614 1776 916 1844 propono
940 1802 959 1837 ,
1013 1754 1317 1845 Syllogen
1379 1771 1642 1820 centum
1701 1757 2114 1847 aenigmatum
2165 1759 2404 1822 vetusti

278 1862 554 1926 auctoris
576 1910 597 1945 ,
642 1885 777 1951 quo
808 1884 1042 1953 genere
1074 1864 1324 1952 antiqui
1356 1865 1568 1928 omnis
1611 1866 1938 1930 memoriae
1973 1880 2178 1953 poetae
2197 1914 2215 1949 ,
2251 1865 2402 1929 rhe-

278 1982 446 2033 tores
468 2014 491 2051 ,
540 1968 949 2058 philosophi,
995 1968 1077 2033 ad
1124 1969 1466 2033 honestam
1513 1970 1710 2033 animi
1757 1970 2254 2035 oblectationem
2275 2022 2294 2051 ,
2331 1971 2397 2031 in

276 2074 582 2137 conviviis
622 2074 897 2139 maxime
916 2122 935 2157 ,
979 2074 1313 2163 ingenium
1332 2122 1351 2155 ,
1396 2076 1556 2139 sales
1591 2074 1905 2162 jocosque
1948 2091 2394 2139 exercuerunt.

274 2175 641 2269 AEnigmata
676 2196 743 2243 et
779 2178 1033 2269 grsshos
1072 2194 1387 2243 vocarunt
1438 2178 1639 2243 Graeci
1659 2227 1678 2260 ,
1727 2182 1958 2267 scirpos
2003 2180 2210 2243 Latini
2259 2178 2354 2267 (1)
2379 2229 2398 2263 ‚

139 2300 155 2325 ⁰
272 2284 405 2371 pari
434 2285 766 2374 utrimque
796 2286 1045 2350 ratione
1071 2284 1353 2349 nominis
1372 2332 1391 2366 ,
1424 2282 1604 2372 quod
1636 2284 1936 2372 captiosi,
1964 2286 2240 2350 tortuosi
2273 2286 2396 2349 im-

273 2390 603 2479 plicitique
655 2414 986 2456 sermones
1028 2407 1241 2456 essent
1264 2439 1283 2472 ,
1334 2406 1662 2478 tamquam
1713 2413 1914 2456 nassae
1964 2408 2030 2456 et
2072 2392 2232 2456 retia
2275 2391 2390 2480 (α).

272 2493 583 2560 Naturam
624 2513 691 2561 et
734 2494 983 2560 diversa
1017 2518 1251 2584 genera
1286 2495 1698 2583 aenigmatum
1737 2497 1887 2560 satis
1924 2495 2254 2562 luculente
2286 2519 2396 2561 ex·

270 2618 631 2688 posuerunt
661 2602 931 2671 Vossius
964 2601 1057 2690 (3)
1087 2619 1151 2667 et
1176 2602 1461 2668 Glassius
1490 2601 1603 2689 (4).
1629 2603 2134 2690 Frequentatum
2161 2625 2391 2666 eorum

270 2731 383 2796 per
422 2730 652 2774 omnes
697 2723 923 2798 gentes
965 2723 1029 2772 et
1073 2723 1285 2772 aetates
1327 2729 1518 2772 usum
1541 2755 1560 2789 ,
1603 2729 1980 2794 moremque
2019 2706 2390 2796 promendae

270 2814 766 2904 exercendaeque
810 2836 926 2903 per
965 2814 1349 2902 quaestiones
1391 2813 1698 2878 obscuras
1746 2829 1811 2877 et
1856 2814 2204 2901 implicatas
2251 2835 2392 2876 sen-

330 3027 413 3094 (ι)
444 3023 675 3088 Gellius,
698 3023 852 3076 Noct.
878 3023 983 3074 Att.
1001 3021 1097 3074 lib.
1118 3021 1255 3086 XII,
1280 3039 1396 3092 cap.
1420 3023 1469 3073 6.

329 3115 407 3184 (α)
442 3112 681 3167 Sufficiat
714 3111 805 3166 hic
838 3111 1101 3183 adponere
1126 3108 1520 3163 adnotationem
1549 3110 1660 3162 Jos.
1701 3110 1952 3183 Scaligeri
1993 3111 2046 3162 in
2074 3109 2380 3181 conjectam.

270 3203 319 3254 in
342 3203 504 3255 Varr-
534 3201 625 3255 lib.
658 3202 765 3266 IV,
794 3220 846 3272 p.
882 3203 953 3253 60
985 3219 1000 3251 ε
1056 3198 1427 3264 «Quoestiones
1466 3199 1706 3252 obscura
1752 3199 1914 3271 scirpi
1966 3199 2092 3252 olim
2144 3196 2378 3259 Latinis,

265 3287 457 3342 Graecis
490 3306 617 3342 vero
649 3288 813 3360 γρῖφοι
850 3285 1182 3350 dicebantur,
1207 3284 1351 3357 quod
1388 3297 1447 3338 ut
1465 3287 1628 3358 γρῖφοι
1657 3297 1806 3338 erant
1836 3288 2102 3358 πλέγματα
2137 3285 2380 3338 ἁλιευτικὰ

267 3392 343 3429 ex·
348 3377 555 3448 scirpo,
581 3376 651 3428 ita
675 3374 833 3430 etiam
864 3393 925 3428 ex
950 3374 1138 3446 scirpis
1162 3391 1324 3428 nassa
1356 3373 1677 3446 piscatoriae‚
1707 3392 1826 3444 quoe
1851 3373 2168 3428 dicebantur
2192 3374 2382 3444 scirpi-

270 3465 429 3530 culn,
459 3475 521 3516 nt
556 3463 777 3526 Plauto,
826 3461 1051 3514 Lucillio
1080 3474 1132 3515 et
1158 3459 1449 3533 Propertio.
1480 3463 1668 3533 Itaque
1706 3460 1944 3532 improbe
1988 3463 2256 3528 fecerunt,
2291 3462 2392 3533 qui.

268 3551 406 3628 apud
451 3551 688 3606 Gellium
732 3569 793 3603 ex
822 3549 1009 3621 scirpis
1053 3566 1272 3619 scrupos
1302 3549 1610 3602 ···.fecernnt
1649 3547 1900 3602 Similiter
1925 3549 2114 3602 Colias
2132 3549 2382 3620 Calcagn.

266 3637 529 3710 Epi-tolie.
554 3637 751 3703 Quoest.
780 3654 897 3706 pag.
928 3641 1023 3698 44ε
1062 3634 1256 3689 «Sicut
1298 3635 1498 3688 Graecis
1537 3635 1703 3707 γρῖφος
1749 3647 1801 3688 et
1839 3649 1949 3689 rete
1991 3649 2042 3688 et
2073 3636 2378 3708 implicitam

265 3737 655 3798 tortuosumque
688 3724 983 3779 orationem
1018 3735 1199 3792 notat,
1241 3723 1385 3778 unde
1414 3721 1652 3797 γριφῶδις
1683 3725 1856 3797 λόγου·
1897 3726 1970 3778 sic
2003 3727 2194 3778 nostris
2220 3725 2382 3795 scirpi

268 3833 367 3869 non
398 3819 591 3889 juncos
628 3825 829 3868 tantum
866 3828 919 3868 et
952 3812 1153 3881 vitilia,
1208 3813 1299 3866 sed
1336 3811 1716 3868 inextricabiles
1753 3826 1803 3866 et
1839 3813 2073 3868 obtortos
2114 3832 2376 3870 sermones

270 3903 533 3976 &elimat
558 3929 604 3954 ³·-

330 3992 409 4061 (3)
442 3992 609 4046 Instit.
634 3991 787 4044 Orat.
814 3990 1028 4056 lib.1v‚
1054 4011 1173 4062 cap.
1206 4009 1288 4056 11,
1327 3990 1431 4056 55.

336 4082 409 4152 (4)
440 4078 634 4135 Philet.
652 4098 783 4133 sacr.
806 4078 992 4142 lib.v,
1020 4077 1193 4132 Trac't.
1216 4079 1267 4143 1,
1296 4095 1413 4151 cap.
1439 4097 1533 4142 aa,
1571 4096 1620 4148 p.
1651 4095 1797 4146 ¹977·
