2964 4690
342 388 521 408 mm
528 386 1723 407 ΜἈΌΜἎΏΜΒΜΜῈἏΜ
1728 382 2458 404 mmmmm*

466 642 1217 733 EDITIONES
1298 644 1471 731 ET
1547 640 2344 733 VERSIONES

794 876 1438 947 AENIGMATUM
1488 877 2008 946 SYMPOSII.

1010 1146 1139 1157 -—.-,

338 1421 395 1485 1.
436 1421 712 1484 Ioannes
737 1418 1155 1503 Trithemius,
1182 1418 1269 1486 ‚de
1296 1420 1528 1509 Script.
1555 1421 1795 1485 Eccles.
1832 1414 1971 1508 cap.
2009 1418 2172 1507 783,
2193 1434 2465 1484 testatur

424 1524 741 1589 loannem
786 1523 1183 1609 Nobletum,
1218 1524 1618 1590 monachum
1661 1523 1908 1589 ordinis
1949 1523 2219 1587 fratrum
2253 1524 2468 1587 mino·

426 1653 575 1695 rum
609 1633 683 1695 B.
724 1630 941 1696 Mariae
982 1629 1063 1695 de
1098 1646 1323 1695 monte
1363 1631 1680 1713 Carmeli,
1715 1630 1978 1695 natione
2012 1628 2310 1711 Gallum„
2346 1651 2467 1693 sae-

428 1737 577 1800 culo
610 1736 757 1819 XV,
798 1737 1127 1824 scripsisse
1167 1737 1337 1801 inter
1374 1736 1494 1801 alia
1509 1784 1528 1819 ,
1570 1760 1717 1824 quae
1758 1736 2051 1802 ferantur
2089 1736 2226 1818 ejus
2271 1758 2470 1823 opus-

427 1842 605 1925 cula,
656 1840 1113 1931 Centiloquium
1158 1844 1570 1930 oem'gmatum
1602 1842 1712 1907 lib.
1753 1842 1806 1907 I.
1847 1843 1992 1907 Hoc
2025 1841 2108 1905 de
2148 1840 2470 1929 Symposii

428 1949 909 2038 aenigmatibus,
935 1971 1080 2036 quae
1112 1966 1375 2015 centum
1398 1964 1556 2013 sunt
1579 1970 1886 2027 numero,
1917 1947 2288 2035 intelligunt
2312 1947 2364 2011 J.
2391 1948 2468 2010 A.

429 2054 793 2136 Fabricius,
830 2055 989 2119 Bibl.
1040 2054 1175 2119 Lat.
1228 2069 1386 2118 tom.
1436 2055 1570 2135 111,
1611 2076 1757 2143 pag.
1810 2051 1937 2119 250
1983 2052 2142 2115 Ern.
2177 2066 2244 2115 et
2279 2052 2350 2114 C.
2386 2053 2464 2115 A.

430 2160 855 2225 Heumannus
890 2160 957 2224 in
999 2160 1249 2225 Proefat.
1286 2158 1369 2225 ad
1402 2160 1624 2249 Symp.
1660 2160 1832 2224 Lact.
1867 2169 1899 2237 S
1931 2156 2136 2238 XXV,
2165 2157 2280 2244 qui
2314 2179 2468 2246 pro-

427 2280 645 2354 pterea
676 2263 1032 2329 Nobletum
1068 2266 1255 2329 aiunt
1292 2286 1367 2330 ω.
1404 2264 1770 2355 AEnigmata
1799 2263 2084 2352 primum
2118 2263 2431 2351 reperisse
2449 2314 2468 2348 ‚

428 2388 495 2436 et
526 2395 563 2437 e
597 2371 775 2460 longi
806 2372 1117 2461 temporis
1156 2370 1439 2436 tenebris
1474 2393 1700 2436 rursus
1731 2371 2134 2459 protraxisse.
2169 2359 2296 2434 Sed
2330 2369 2469 2436 haec

428 2501 660 2566 parum
710 2478 1033 2566 explorata
1084 2477 1470 2542 existimatio
1521 2493 1636 2540 est.
1691 2475 1874 2559 Quin
1913 2477 2198 2542 Irenaeus
2236 2477 2468 2562 Biblio-

429 2585 646 2673 philus
678 2585 745 2648 in
776 2585 1239 2649 Observatione
1264 2583 1672 2650 schelhornii
1698 2585 1996 2648 Amoenit.
2028 2584 2195 2649 liter.
2222 2600 2382 2649 tom.
2405 2585 2470 2648 11

430 2693 669 2756 inserta
688 2739 707 2768 ‚
749 2713 891 2782 pag.
940 2691 1105 2778 475,
1152 2690 1431 2774 indicat,
1487 2714 1565 2754 ex
1607 2688 1946 2754 Trithemii
1977 2691 2346 2755 narratione
2389 2689 2472 2754 de

428 2797 711 2863 Nobleto
756 2798 941 2862 facile
984 2819 1123 2862 esse
1166 2795 1247 2861 ad
1296 2795 1776 2879 conjiciendum
1795 2843 1814 2878 ,
1851 2795 2208 2860 Nobletum
2249 2796 2463 2883 ipsum

431 2927 507 2969 ex
542 2926 665 2968 suo
710 2905 973 2993 ingenio
1019 2905 1459 2994 composuisse
1509 2917 1938 2968 memoratum
1994 2898 2463 2990 Centiloquium.

430 3010 537 3074 Sic
570 3011 951 3075 Laurentius
978 3010 1352 3075 Abstemius
1386 3009 1672 3074 libellum
1704 3007 2068 3072 fabularum
2091 3007 2172 3072 ab
2197 3031 2266 3072 se
2287 3029 2472 3073 com-

432 3117 786 3206 positarum
848 3115 929 3181 de
988 3137 1263 3181 numero
1316 3113 1861 3196 Hecatomythium
1911 3113 2307 3202 nuncupavit
2325 3161 2344 3196 ,
2391 3128 2468 3178 ut

430 3224 569 3312 ipse
596 3222 819 3288 scribit
850 3223 915 3288 in
954 3221 1355 3286 Praefatione.

343 3425 425 3488 11.
472 3423 930 3511 Antiquissima
970 3440 1068 3488 est
1111 3422 1312 3488 editio
1349 3425 1671 3488 Joaclztmi
1695 3424 2009 3504 Pen'onii,
2051 3424 2166 3512 qui
2197 3423 2467 3512 Sympo-

430 3529 599 3597 sium
624 3529 873 3617 primus
898 3529 1191 3618 protulit,
1218 3547 1293 3594 ut
1316 3529 1542 3594 scribit
1563 3528 2056 3612 Barthius‚Adv.
2083 3529 2194 3594 lib.
2220 3531 2464 3609 XXVI,

431 3659 571 3724 cap.
611 3636 712 3700 28.
752 3637 1215 3718 Heumannus,
1260 3636 1373 3725 qui
1418 3635 1554 3725 ipse
1595 3659 1730 3700 non
1770 3634 1968 3716 vidit,
2017 3658 2158 3700 eam
2201 3636 2468 3700 Lutetiae

432 3765 539 3805 an.
584 3765 609 3805 1
625 3739 750 3807 538
782 3763 1081 3806 excusam
1104 3765 1243 3806 esse
1270 3741 1652 3831 suspicatur,
1686 3739 1802 3806 sed
1823 3741 2023 3806 Mich.
2049 3740 2430 3806 Maittairius
2449 3789 2468 3823 ,

432 3848 663 3914 Annal.
696 3849 979 3938 Typogr.
1014 3865 1175 3914 tom.
1209 3850 1305 3930 11,
1342 3871 1484 3940 pag.
1531 3871 1650 3936 79¹
1679 3897 1698 3930 ‚
1741 3847 1822 3912 ad
1867 3869 2110 3912 annum
2167 3846 2329 3912 1533
2361 3869 2466 3912 re·-

432 3955 593 4034 fert,
636 3952 944 4042 additque
991 3954 1242 4018 Parisiis
1290 3955 1419 4018 hoc
1462 3977 1638 4019 anno
1683 3954 1830 4018 in·8
1878 3953 2232 4042 prodiisse,
2269 3969 2464 4041 atque

435 4061 612 4127 hunc
646 4061 783 4140 ejus
818 4061 1077 4128 titulum
1108 4063 1394 4152 profert:
