<?xml version="1.0" encoding="UTF-8"?>
<!DOCTYPE html PUBLIC "-//W3C//DTD XHTML 1.0 Transitional//EN"
    "http://www.w3.org/TR/xhtml1/DTD/xhtml1-transitional.dtd">
<html xmlns="http://www.w3.org/1999/xhtml" xml:lang="en" lang="en">
 <head>
  <title>
</title>
<meta http-equiv="Content-Type" content="text/html;charset=utf-8" />
  <meta name='ocr-system' content='tesseract 3.04.00' />
  <meta name='ocr-capabilities' content='ocr_page ocr_carea ocr_par ocr_line ocrx_word'/>
</head>
<body>
  <div class='ocr_page' id='page_1' title='image "./poetaelatinimin02unkngoog_0008.png"; bbox 0 0 2964 4690; ppageno 0'>
   <div class='ocr_carea' id='block_1_1' title="bbox 877 463 2428 499">
    <p class='ocr_par' dir='ltr' id='par_1_1' title="bbox 877 463 2428 499">
     <span class='ocr_line' id='line_1_1' title="bbox 877 463 2428 499; baseline 0.005 -7"><span class='ocrx_word' id='word_1_1' title='bbox 877 463 2064 496; x_wconf 48' lang='lat' dir='ltr'><strong>mmmmmmmmmmmm</strong></span> <span class='ocrx_word' id='word_1_2' title='bbox 2068 477 2428 499; x_wconf 58' lang='lat' dir='ltr'><strong>mm</strong></span> 
     </span>
    </p>
   </div>
   <div class='ocr_carea' id='block_1_2' title="bbox 877 703 1929 1014">
    <p class='ocr_par' dir='ltr' id='par_1_2' title="bbox 877 703 1929 1014">
     <span class='ocr_line' id='line_1_2' title="bbox 1016 703 1770 809; baseline -0.004 -4"><span class='ocrx_word' id='word_1_3' title='bbox 1016 703 1770 809; x_wconf 85' lang='lat' dir='ltr'><strong>PRAEFATIO</strong></span> 
     </span>
     <span class='ocr_line' id='line_1_3' title="bbox 877 932 1929 1014; baseline 0.003 -5"><span class='ocrx_word' id='word_1_4' title='bbox 877 932 1190 1010; x_wconf 76' lang='lat' dir='ltr'><strong>Novi</strong></span> <span class='ocrx_word' id='word_1_5' title='bbox 1273 934 1929 1014; x_wconf 86' lang='lat' dir='ltr'><strong>EDITORIS.</strong></span> 
     </span>
    </p>
   </div>
   <div class='ocr_carea' id='block_1_3' title="bbox 1100 1163 1667 1194">
    <p class='ocr_par' dir='ltr' id='par_1_3' title="bbox 1100 1163 1667 1194">
     <span class='ocr_line' id='line_1_4' title="bbox 1100 1163 1667 1194; baseline 0 3496"><span class='ocrx_word' id='word_1_6' title='bbox 1100 1163 1667 1194; x_wconf 95' lang='lat' dir='ltr'><strong> </strong></span> 
     </span>
    </p>
   </div>
   <div class='ocr_carea' id='block_1_4' title="bbox 265 1309 2439 4304">
    <p class='ocr_par' dir='ltr' id='par_1_4' title="bbox 265 1309 2439 4304">
     <span class='ocr_line' id='line_1_5' title="bbox 302 1309 2438 1448; baseline 0.004 -27"><span class='ocrx_word' id='word_1_7' title='bbox 302 1309 470 1428; x_wconf 70' lang='lat' dir='ltr'><strong>Ur</strong></span> <span class='ocrx_word' id='word_1_8' title='bbox 513 1355 879 1448; x_wconf 87' lang='lat' dir='ltr'><strong>septimum</strong></span> <span class='ocrx_word' id='word_1_9' title='bbox 927 1355 1056 1425; x_wconf 90' lang='lat' dir='ltr'><strong>hoc</strong></span> <span class='ocrx_word' id='word_1_10' title='bbox 1121 1367 1188 1424; x_wconf 90' lang='lat' dir='ltr'><strong>et</strong></span> <span class='ocrx_word' id='word_1_11' title='bbox 1247 1353 1559 1424; x_wconf 88' lang='lat' dir='ltr'><strong>ultimum</strong></span> <span class='ocrx_word' id='word_1_12' title='bbox 1608 1355 1918 1424; x_wconf 87' lang='lat' dir='ltr'><strong>volumen</strong></span> <span class='ocrx_word' id='word_1_13' title='bbox 1969 1357 2438 1446; x_wconf 81' lang='lat' dir='ltr'><strong>conficeretur,</strong></span> 
     </span>
     <span class='ocr_line' id='line_1_6' title="bbox 303 1467 2439 1565; baseline 0.003 -29"><span class='ocrx_word' id='word_1_14' title='bbox 303 1467 638 1561; x_wconf 82' lang='lat' dir='ltr'><strong>praecipue</strong></span> <span class='ocrx_word' id='word_1_15' title='bbox 679 1469 874 1538; x_wconf 89' lang='lat' dir='ltr'><strong>nobis</strong></span> <span class='ocrx_word' id='word_1_16' title='bbox 907 1469 1249 1538; x_wconf 83' lang='lat' dir='ltr'><strong>materiam</strong></span> <span class='ocrx_word' id='word_1_17' title='bbox 1290 1469 1739 1565; x_wconf 82' lang='lat' dir='ltr'><strong>suppeditavit</strong></span> <span class='ocrx_word' id='word_1_18' title='bbox 1781 1485 1999 1540; x_wconf 83' lang='lat' dir='ltr'><strong>sextus</strong></span> <span class='ocrx_word' id='word_1_19' title='bbox 2034 1469 2439 1543; x_wconf 76' lang='lat' dir='ltr'>collectionis</span> 
     </span>
     <span class='ocr_line' id='line_1_7' title="bbox 307 1581 2438 1681; baseline 0.004 -34"><span class='ocrx_word' id='word_1_20' title='bbox 307 1582 869 1654; x_wconf 86' lang='lat' dir='ltr'><strong>Wemsdorfianae</strong></span> <span class='ocrx_word' id='word_1_21' title='bbox 904 1598 1160 1670; x_wconf 90' lang='lat' dir='ltr'><strong>tomus,</strong></span> <span class='ocrx_word' id='word_1_22' title='bbox 1192 1607 1232 1651; x_wconf 87' lang='lat' dir='ltr'><strong>a</strong></span> <span class='ocrx_word' id='word_1_23' title='bbox 1267 1581 1764 1670; x_wconf 79' lang='lat' dir='ltr'><strong>Wernsdorin,</strong></span> <span class='ocrx_word' id='word_1_24' title='bbox 1802 1585 2012 1653; x_wconf 84' lang='lat' dir='ltr'><strong>nostri</strong></span> <span class='ocrx_word' id='word_1_25' title='bbox 2046 1583 2222 1670; x_wconf 89' lang='lat' dir='ltr'><strong>filio,</strong></span> <span class='ocrx_word' id='word_1_26' title='bbox 2248 1588 2438 1681; x_wconf 64' lang='lat' dir='ltr'><strong>typis</strong></span> 
     </span>
     <span class='ocr_line' id='line_1_8' title="bbox 307 1695 2438 1794; baseline 0.003 -33"><span class='ocrx_word' id='word_1_27' title='bbox 307 1715 626 1782; x_wconf 84' lang='lat' dir='ltr'><strong>excusus3</strong></span> <span class='ocrx_word' id='word_1_28' title='bbox 671 1695 783 1764; x_wconf 91' lang='lat' dir='ltr'><strong>cui</strong></span> <span class='ocrx_word' id='word_1_29' title='bbox 833 1709 1087 1780; x_wconf 88' lang='lat' dir='ltr'><strong>tamen,</strong></span> <span class='ocrx_word' id='word_1_30' title='bbox 1133 1710 1210 1764; x_wconf 89' lang='lat' dir='ltr'><strong>ut</strong></span> <span class='ocrx_word' id='word_1_31' title='bbox 1251 1695 1456 1764; x_wconf 85' lang='lat' dir='ltr'><strong>totius</strong></span> <span class='ocrx_word' id='word_1_32' title='bbox 1494 1696 1713 1789; x_wconf 86' lang='lat' dir='ltr'><strong>operis</strong></span> <span class='ocrx_word' id='word_1_33' title='bbox 1756 1698 2177 1791; x_wconf 87' lang='lat' dir='ltr'><strong>propositum</strong></span> <span class='ocrx_word' id='word_1_34' title='bbox 2222 1697 2438 1794; x_wconf 85' lang='lat' dir='ltr'><strong>exple-</strong></span> 
     </span>
     <span class='ocr_line' id='line_1_9' title="bbox 311 1808 2439 1896; baseline 0.003 -20"><span class='ocrx_word' id='word_1_35' title='bbox 311 1831 562 1896; x_wconf 85' lang='lat' dir='ltr'><strong>remus,</strong></span> <span class='ocrx_word' id='word_1_36' title='bbox 624 1811 919 1878; x_wconf 73' lang='lat' dir='ltr'><strong>aermina</strong></span> <span class='ocrx_word' id='word_1_37' title='bbox 967 1808 1326 1894; x_wconf 88' lang='lat' dir='ltr'><strong>nonnulla,</strong></span> <span class='ocrx_word' id='word_1_38' title='bbox 1366 1811 1648 1879; x_wconf 89' lang='lat' dir='ltr'><strong>materia</strong></span> <span class='ocrx_word' id='word_1_39' title='bbox 1690 1810 2051 1880; x_wconf 79' lang='lat' dir='ltr'><strong>admodum</strong></span> <span class='ocrx_word' id='word_1_40' title='bbox 2110 1813 2319 1882; x_wconf 87' lang='lat' dir='ltr'><strong>adfini</strong></span> <span class='ocrx_word' id='word_1_41' title='bbox 2373 1829 2439 1882; x_wconf 84' lang='lat' dir='ltr'><strong>et</strong></span> 
     </span>
     <span class='ocr_line' id='line_1_10' title="bbox 307 1920 2434 2019; baseline 0.003 -31"><span class='ocrx_word' id='word_1_42' title='bbox 307 1936 656 1990; x_wconf 87' lang='lat' dir='ltr'><strong>auctorum</strong></span> <span class='ocrx_word' id='word_1_43' title='bbox 691 1922 867 1992; x_wconf 86' lang='lat' dir='ltr'><strong>fama</strong></span> <span class='ocrx_word' id='word_1_44' title='bbox 893 1937 960 1991; x_wconf 90' lang='lat' dir='ltr'><strong>et</strong></span> <span class='ocrx_word' id='word_1_45' title='bbox 995 1937 1318 1992; x_wconf 89' lang='lat' dir='ltr'><strong>vetustate</strong></span> <span class='ocrx_word' id='word_1_46' title='bbox 1345 1920 1941 2011; x_wconf 84' lang='lat' dir='ltr'><strong>commendabilia,</strong></span> <span class='ocrx_word' id='word_1_47' title='bbox 1986 1922 2163 1993; x_wconf 91' lang='lat' dir='ltr'><strong>ultro</strong></span> <span class='ocrx_word' id='word_1_48' title='bbox 2190 1925 2434 2019; x_wconf 85' lang='lat' dir='ltr'><strong>adjeci</strong></span> 
     </span>
     <span class='ocr_line' id='line_1_11' title="bbox 301 2036 2437 2121; baseline 0.003 -19"><span class='ocrx_word' id='word_1_49' title='bbox 301 2059 492 2121; x_wconf 81' lang='lat' dir='ltr'><strong>mus3</strong></span> <span class='ocrx_word' id='word_1_50' title='bbox 527 2036 830 2106; x_wconf 81' lang='lat' dir='ltr'><strong>Medeam</strong></span> <span class='ocrx_word' id='word_1_51' title='bbox 866 2036 1118 2107; x_wconf 84' lang='lat' dir='ltr'><strong>scilicet</strong></span> <span class='ocrx_word' id='word_1_52' title='bbox 1141 2037 1226 2106; x_wconf 89' lang='lat' dir='ltr'><strong>ab</strong></span> <span class='ocrx_word' id='word_1_53' title='bbox 1257 2036 1534 2105; x_wconf 88' lang='lat' dir='ltr'><strong>Hosidio</strong></span> <span class='ocrx_word' id='word_1_54' title='bbox 1562 2039 1739 2106; x_wconf 89' lang='lat' dir='ltr'><strong>Geta</strong></span> <span class='ocrx_word' id='word_1_55' title='bbox 1762 2062 1843 2106; x_wconf 83' lang='lat' dir='ltr'><strong>ex</strong></span> <span class='ocrx_word' id='word_1_56' title='bbox 1873 2038 2265 2108; x_wconf 84' lang='lat' dir='ltr'><strong>centonibus</strong></span> <span class='ocrx_word' id='word_1_57' title='bbox 2285 2042 2437 2110; x_wconf 88' lang='lat' dir='ltr'><strong>Vir-</strong></span> 
     </span>
     <span class='ocr_line' id='line_1_12' title="bbox 299 2147 2429 2246; baseline 0.003 -31"><span class='ocrx_word' id='word_1_58' title='bbox 299 2147 566 2242; x_wconf 84' lang='lat' dir='ltr'><strong>gilianis</strong></span> <span class='ocrx_word' id='word_1_59' title='bbox 623 2152 1098 2245; x_wconf 79' lang='lat' dir='ltr'><strong>compositam,</strong></span> <span class='ocrx_word' id='word_1_60' title='bbox 1141 2151 1553 2244; x_wconf 84' lang='lat' dir='ltr'><strong>Ausoniique</strong></span> <span class='ocrx_word' id='word_1_61' title='bbox 1615 2154 1985 2221; x_wconf 88' lang='lat' dir='ltr'><strong>Centonem</strong></span> <span class='ocrx_word' id='word_1_62' title='bbox 2044 2152 2429 2246; x_wconf 87' lang='lat' dir='ltr'><strong>Nuptialem</strong></span> 
     </span>
     <span class='ocr_line' id='line_1_13' title="bbox 299 2263 2432 2361; baseline 0.004 -31"><span class='ocrx_word' id='word_1_63' title='bbox 299 2263 993 2361; x_wconf 81' lang='lat' dir='ltr'><strong>etTechnopaegnion.</strong></span> <span class='ocrx_word' id='word_1_64' title='bbox 1023 2269 1180 2335; x_wconf 82' lang='lat' dir='ltr'><strong>Haec</strong></span> <span class='ocrx_word' id='word_1_65' title='bbox 1212 2264 1433 2335; x_wconf 88' lang='lat' dir='ltr'><strong>deesse</strong></span> <span class='ocrx_word' id='word_1_66' title='bbox 1459 2279 1689 2334; x_wconf 91' lang='lat' dir='ltr'><strong>nostro</strong></span> <span class='ocrx_word' id='word_1_67' title='bbox 1726 2265 1938 2359; x_wconf 88' lang='lat' dir='ltr'><strong>operi,</strong></span> <span class='ocrx_word' id='word_1_68' title='bbox 1970 2280 2057 2354; x_wconf 89' lang='lat' dir='ltr'><strong>et,</strong></span> <span class='ocrx_word' id='word_1_69' title='bbox 2093 2265 2149 2336; x_wconf 89' lang='lat' dir='ltr'><strong>si</strong></span> <span class='ocrx_word' id='word_1_70' title='bbox 2178 2269 2432 2338; x_wconf 88' lang='lat' dir='ltr'><strong>omitte-</strong></span> 
     </span>
     <span class='ocr_line' id='line_1_14' title="bbox 295 2379 2432 2475; baseline 0.003 -29"><span class='ocrx_word' id='word_1_71' title='bbox 295 2401 520 2448; x_wconf 81' lang='lat' dir='ltr'><strong>remus</strong></span> <span class='ocrx_word' id='word_1_72' title='bbox 565 2379 755 2449; x_wconf 82' lang='lat' dir='ltr'><strong>valde</strong></span> <span class='ocrx_word' id='word_1_73' title='bbox 791 2380 1163 2451; x_wconf 89' lang='lat' dir='ltr'><strong>desiderata</strong></span> <span class='ocrx_word' id='word_1_74' title='bbox 1197 2381 1320 2467; x_wconf 90' lang='lat' dir='ltr'><strong>iri,</strong></span> <span class='ocrx_word' id='word_1_75' title='bbox 1361 2405 1482 2449; x_wconf 92' lang='lat' dir='ltr'><strong>nos</strong></span> <span class='ocrx_word' id='word_1_76' title='bbox 1528 2380 1844 2449; x_wconf 89' lang='lat' dir='ltr'><strong>monebat</strong></span> <span class='ocrx_word' id='word_1_77' title='bbox 1897 2382 2115 2474; x_wconf 90' lang='lat' dir='ltr'><strong>ipsum</strong></span> <span class='ocrx_word' id='word_1_78' title='bbox 2158 2406 2432 2475; x_wconf 87' lang='lat' dir='ltr'><strong>poema-</strong></span> 
     </span>
     <span class='ocr_line' id='line_1_15' title="bbox 295 2490 2429 2588; baseline 0.004 -31"><span class='ocrx_word' id='word_1_79' title='bbox 295 2490 546 2560; x_wconf 87' lang='lat' dir='ltr'><strong>tiorum</strong></span> <span class='ocrx_word' id='word_1_80' title='bbox 575 2491 841 2563; x_wconf 89' lang='lat' dir='ltr'><strong>illorum</strong></span> <span class='ocrx_word' id='word_1_81' title='bbox 873 2518 1116 2588; x_wconf 84' lang='lat' dir='ltr'><strong>genus,</strong></span> <span class='ocrx_word' id='word_1_82' title='bbox 1147 2492 1477 2562; x_wconf 88' lang='lat' dir='ltr'><strong>ludicrum</strong></span> <span class='ocrx_word' id='word_1_83' title='bbox 1507 2508 1725 2579; x_wconf 89' lang='lat' dir='ltr'><strong>certe,</strong></span> <span class='ocrx_word' id='word_1_84' title='bbox 1758 2495 1813 2563; x_wconf 90' lang='lat' dir='ltr'><strong>si</strong></span> <span class='ocrx_word' id='word_1_85' title='bbox 1850 2493 2207 2564; x_wconf 85' lang='lat' dir='ltr'><strong>artificium</strong></span> <span class='ocrx_word' id='word_1_86' title='bbox 2245 2522 2429 2565; x_wconf 87' lang='lat' dir='ltr'><strong>com-</strong></span> 
     </span>
     <span class='ocr_line' id='line_1_16' title="bbox 291 2604 2428 2703; baseline 0.003 -30"><span class='ocrx_word' id='word_1_87' title='bbox 291 2604 643 2699; x_wconf 88' lang='lat' dir='ltr'><strong>positionis</strong></span> <span class='ocrx_word' id='word_1_88' title='bbox 681 2622 1066 2703; x_wconf 83' lang='lat' dir='ltr'><strong>quaeras,et</strong></span> <span class='ocrx_word' id='word_1_89' title='bbox 1091 2606 1236 2676; x_wconf 89' lang='lat' dir='ltr'><strong>ideo</strong></span> <span class='ocrx_word' id='word_1_90' title='bbox 1272 2608 1385 2675; x_wconf 87' lang='lat' dir='ltr'><strong>vix</strong></span> <span class='ocrx_word' id='word_1_91' title='bbox 1416 2606 1528 2676; x_wconf 88' lang='lat' dir='ltr'><strong>alii</strong></span> <span class='ocrx_word' id='word_1_92' title='bbox 1565 2605 1713 2677; x_wconf 91' lang='lat' dir='ltr'><strong>loco</strong></span> <span class='ocrx_word' id='word_1_93' title='bbox 1750 2608 1995 2701; x_wconf 79' lang='lat' dir='ltr'><strong>aptius,</strong></span> <span class='ocrx_word' id='word_1_94' title='bbox 2034 2611 2290 2679; x_wconf 85' lang='lat' dir='ltr'><strong>Caetera</strong></span> <span class='ocrx_word' id='word_1_95' title='bbox 2325 2636 2428 2680; x_wconf 87' lang='lat' dir='ltr'><strong>au-</strong></span> 
     </span>
     <span class='ocr_line' id='line_1_17' title="bbox 293 2720 2428 2818; baseline 0.003 -31"><span class='ocrx_word' id='word_1_96' title='bbox 293 2732 428 2787; x_wconf 88' lang='lat' dir='ltr'><strong>tem</strong></span> <span class='ocrx_word' id='word_1_97' title='bbox 461 2720 856 2794; x_wconf 80' lang='lat' dir='ltr'><strong>didascalica</strong></span> <span class='ocrx_word' id='word_1_98' title='bbox 882 2736 1186 2818; x_wconf 82' lang='lat' dir='ltr'><strong>poemata</strong></span> <span class='ocrx_word' id='word_1_99' title='bbox 1203 2774 1224 2807; x_wconf 94' lang='lat'>‚</span> <span class='ocrx_word' id='word_1_100' title='bbox 1244 2746 1390 2817; x_wconf 79' lang='lat' dir='ltr'><strong>quae</strong></span> <span class='ocrx_word' id='word_1_101' title='bbox 1411 2722 1907 2792; x_wconf 87' lang='lat' dir='ltr'><strong>Wernsdorfius</strong></span> <span class='ocrx_word' id='word_1_102' title='bbox 1934 2724 2075 2815; x_wconf 89' lang='lat' dir='ltr'><strong>ipse</strong></span> <span class='ocrx_word' id='word_1_103' title='bbox 2092 2724 2428 2809; x_wconf 89' lang='lat' dir='ltr'><strong>nominat,</strong></span> 
     </span>
     <span class='ocr_line' id='line_1_18' title="bbox 289 2834 2420 2933; baseline 0.002 -32"><span class='ocrx_word' id='word_1_104' title='bbox 289 2834 364 2901; x_wconf 87' lang='lat' dir='ltr'><strong>in</strong></span> <span class='ocrx_word' id='word_1_105' title='bbox 391 2836 648 2907; x_wconf 83' lang='lat' dir='ltr'><strong>Praefat.</strong></span> <span class='ocrx_word' id='word_1_106' title='bbox 681 2836 768 2906; x_wconf 88' lang='lat' dir='ltr'><strong>ad</strong></span> <span class='ocrx_word' id='word_1_107' title='bbox 787 2852 1042 2906; x_wconf 88' lang='lat' dir='ltr'><strong>tomum</strong></span> <span class='ocrx_word' id='word_1_108' title='bbox 1076 2836 1177 2905; x_wconf 89' lang='lat' dir='ltr'><strong>sui</strong></span> <span class='ocrx_word' id='word_1_109' title='bbox 1205 2835 1424 2932; x_wconf 82' lang='lat' dir='ltr'><strong>operis</strong></span> <span class='ocrx_word' id='word_1_110' title='bbox 1451 2836 1759 2928; x_wconf 90' lang='lat' dir='ltr'><strong>quintum</strong></span> <span class='ocrx_word' id='word_1_111' title='bbox 1789 2835 2031 2927; x_wconf 87' lang='lat' dir='ltr'><strong>(hujus</strong></span> <span class='ocrx_word' id='word_1_112' title='bbox 2058 2850 2279 2905; x_wconf 86' lang='lat' dir='ltr'><strong>autem</strong></span> <span class='ocrx_word' id='word_1_113' title='bbox 2312 2862 2420 2933; x_wconf 92' lang='lat' dir='ltr'><strong>op.</strong></span> 
     </span>
     <span class='ocr_line' id='line_1_19' title="bbox 289 2948 2427 3048; baseline 0 -28"><span class='ocrx_word' id='word_1_114' title='bbox 289 2966 454 3021; x_wconf 87' lang='lat' dir='ltr'><strong>tom.</strong></span> <span class='ocrx_word' id='word_1_115' title='bbox 493 2954 610 3040; x_wconf 91' lang='lat' dir='ltr'><strong>IV,</strong></span> <span class='ocrx_word' id='word_1_116' title='bbox 643 2976 796 3048; x_wconf 83' lang='lat' dir='ltr'><strong>pag.</strong></span> <span class='ocrx_word' id='word_1_117' title='bbox 841 2956 962 3038; x_wconf 74' lang='lat'><strong>14,</strong></span> <span class='ocrx_word' id='word_1_118' title='bbox 1001 2951 1116 3020; x_wconf 92' lang='lat' dir='ltr'><strong>ubi</strong></span> <span class='ocrx_word' id='word_1_119' title='bbox 1153 2949 1302 3018; x_wconf 88' lang='lat' dir='ltr'><strong>vide</strong></span> <span class='ocrx_word' id='word_1_120' title='bbox 1336 2964 1566 3018; x_wconf 89' lang='lat' dir='ltr'><strong>notam</strong></span> <span class='ocrx_word' id='word_1_121' title='bbox 1610 2948 1967 3043; x_wconf 88' lang='lat' dir='ltr'><strong>nostram),</strong></span> <span class='ocrx_word' id='word_1_122' title='bbox 2013 2964 2081 3018; x_wconf 93' lang='lat' dir='ltr'><strong>et</strong></span> <span class='ocrx_word' id='word_1_123' title='bbox 2120 2951 2427 3045; x_wconf 87' lang='lat' dir='ltr'><strong>inprimis</strong></span> 
     </span>
     <span class='ocr_line' id='line_1_20' title="bbox 285 3062 2424 3148; baseline 0.001 -15"><span class='ocrx_word' id='word_1_124' title='bbox 285 3064 588 3135; x_wconf 84' lang='lat' dir='ltr'><strong>Marcelli</strong></span> <span class='ocrx_word' id='word_1_125' title='bbox 628 3082 696 3136; x_wconf 88' lang='lat' dir='ltr'><strong>et</strong></span> <span class='ocrx_word' id='word_1_126' title='bbox 749 3067 978 3136; x_wconf 87' lang='lat' dir='ltr'><strong>Sereni</strong></span> <span class='ocrx_word' id='word_1_127' title='bbox 1015 3064 1354 3133; x_wconf 89' lang='lat' dir='ltr'><strong>Samonici</strong></span> <span class='ocrx_word' id='word_1_128' title='bbox 1401 3064 1695 3133; x_wconf 89' lang='lat' dir='ltr'><strong>carmina</strong></span> <span class='ocrx_word' id='word_1_129' title='bbox 1734 3063 1816 3132; x_wconf 87' lang='lat' dir='ltr'><strong>de</strong></span> <span class='ocrx_word' id='word_1_130' title='bbox 1850 3062 2217 3148; x_wconf 89' lang='lat' dir='ltr'><strong>medicina,</strong></span> <span class='ocrx_word' id='word_1_131' title='bbox 2268 3066 2424 3135; x_wconf 88' lang='lat' dir='ltr'><strong>huic</strong></span> 
     </span>
     <span class='ocr_line' id='line_1_21' title="bbox 287 3177 2421 3271; baseline 0 -22"><span class='ocrx_word' id='word_1_132' title='bbox 287 3178 664 3250; x_wconf 82' lang='lat' dir='ltr'><strong>collectioni</strong></span> <span class='ocrx_word' id='word_1_133' title='bbox 705 3181 994 3249; x_wconf 86' lang='lat' dir='ltr'><strong>inserere</strong></span> <span class='ocrx_word' id='word_1_134' title='bbox 1025 3177 1397 3263; x_wconf 86' lang='lat' dir='ltr'><strong>noluimus,</strong></span> <span class='ocrx_word' id='word_1_135' title='bbox 1447 3192 1589 3245; x_wconf 88' lang='lat' dir='ltr'><strong>tum</strong></span> <span class='ocrx_word' id='word_1_136' title='bbox 1626 3178 1785 3271; x_wconf 90' lang='lat' dir='ltr'><strong>quia</strong></span> <span class='ocrx_word' id='word_1_137' title='bbox 1826 3202 1962 3245; x_wconf 85' lang='lat' dir='ltr'><strong>uon</strong></span> <span class='ocrx_word' id='word_1_138' title='bbox 2004 3179 2421 3249; x_wconf 88' lang='lat' dir='ltr'><strong>commodam</strong></span> 
     </span>
     <span class='ocr_line' id='line_1_22' title="bbox 284 3289 2420 3388; baseline 0 -27"><span class='ocrx_word' id='word_1_139' title='bbox 284 3292 508 3362; x_wconf 85' lang='lat' dir='ltr'><strong>sedem</strong></span> <span class='ocrx_word' id='word_1_140' title='bbox 545 3294 614 3361; x_wconf 90' lang='lat' dir='ltr'><strong>in</strong></span> <span class='ocrx_word' id='word_1_141' title='bbox 651 3294 782 3362; x_wconf 93' lang='lat' dir='ltr'><strong>hoc</strong></span> <span class='ocrx_word' id='word_1_142' title='bbox 813 3290 1153 3362; x_wconf 81' lang='lat' dir='ltr'><strong>volumine</strong></span> <span class='ocrx_word' id='word_1_143' title='bbox 1184 3315 1338 3361; x_wconf 90' lang='lat' dir='ltr'><strong>cum</strong></span> <span class='ocrx_word' id='word_1_144' title='bbox 1365 3292 1681 3384; x_wconf 84' lang='lat' dir='ltr'><strong>operibus</strong></span> <span class='ocrx_word' id='word_1_145' title='bbox 1718 3289 1915 3385; x_wconf 84' lang='lat' dir='ltr'><strong>longe</strong></span> <span class='ocrx_word' id='word_1_146' title='bbox 1946 3290 2191 3360; x_wconf 88' lang='lat' dir='ltr'><strong>diversi</strong></span> <span class='ocrx_word' id='word_1_147' title='bbox 2226 3316 2420 3388; x_wconf 85' lang='lat' dir='ltr'><strong>argu-</strong></span> 
     </span>
     <span class='ocr_line' id='line_1_23' title="bbox 281 3404 2414 3502; baseline 0 -27"><span class='ocrx_word' id='word_1_148' title='bbox 281 3408 496 3476; x_wconf 88' lang='lat' dir='ltr'><strong>menti</strong></span> <span class='ocrx_word' id='word_1_149' title='bbox 532 3407 985 3502; x_wconf 85' lang='lat' dir='ltr'><strong>reperiebant,</strong></span> <span class='ocrx_word' id='word_1_150' title='bbox 1028 3406 1208 3500; x_wconf 90' lang='lat' dir='ltr'><strong>quod</strong></span> <span class='ocrx_word' id='word_1_151' title='bbox 1245 3404 1418 3473; x_wconf 90' lang='lat' dir='ltr'><strong>male</strong></span> <span class='ocrx_word' id='word_1_152' title='bbox 1464 3404 1792 3499; x_wconf 85' lang='lat' dir='ltr'><strong>digestum</strong></span> <span class='ocrx_word' id='word_1_153' title='bbox 1838 3404 2143 3475; x_wconf 88' lang='lat' dir='ltr'><strong>ordinem</strong></span> <span class='ocrx_word' id='word_1_154' title='bbox 2187 3407 2414 3501; x_wconf 90' lang='lat' dir='ltr'><strong>prodi-</strong></span> 
     </span>
     <span class='ocr_line' id='line_1_24' title="bbox 281 3518 2416 3615; baseline 0 -27"><span class='ocrx_word' id='word_1_155' title='bbox 281 3520 536 3590; x_wconf 89' lang='lat' dir='ltr'><strong>disset:</strong></span> <span class='ocrx_word' id='word_1_156' title='bbox 585 3537 727 3591; x_wconf 92' lang='lat' dir='ltr'><strong>tum</strong></span> <span class='ocrx_word' id='word_1_157' title='bbox 767 3536 834 3590; x_wconf 93' lang='lat' dir='ltr'><strong>et</strong></span> <span class='ocrx_word' id='word_1_158' title='bbox 867 3521 1233 3615; x_wconf 74' lang='lat' dir='ltr'><strong>praecipue,</strong></span> <span class='ocrx_word' id='word_1_159' title='bbox 1279 3518 1497 3613; x_wconf 90' lang='lat' dir='ltr'><strong>quod,</strong></span> <span class='ocrx_word' id='word_1_160' title='bbox 1542 3520 1608 3586; x_wconf 90' lang='lat' dir='ltr'><strong>in</strong></span> <span class='ocrx_word' id='word_1_161' title='bbox 1653 3518 1851 3587; x_wconf 90' lang='lat' dir='ltr'><strong>rebus</strong></span> <span class='ocrx_word' id='word_1_162' title='bbox 1888 3520 2191 3590; x_wconf 89' lang='lat' dir='ltr'><strong>omnium</strong></span> <span class='ocrx_word' id='word_1_163' title='bbox 2229 3546 2416 3591; x_wconf 87' lang='lat' dir='ltr'><strong>com-</strong></span> 
     </span>
     <span class='ocr_line' id='line_1_25' title="bbox 283 3620 2415 3717; baseline 0 -14"><span class='ocrx_word' id='word_1_164' title='bbox 283 3646 734 3705; x_wconf 81' lang='lat' dir='ltr'><strong>mentatorum</strong></span> <span class='ocrx_word' id='word_1_165' title='bbox 765 3632 977 3703; x_wconf 90' lang='lat' dir='ltr'><strong>labori</strong></span> <span class='ocrx_word' id='word_1_166' title='bbox 1006 3620 1328 3704; x_wconf 85' lang='lat' dir='ltr'><strong>hactenus</strong></span> <span class='ocrx_word' id='word_1_167' title='bbox 1364 3632 1665 3717; x_wconf 75' lang='lat' dir='ltr'><strong>intactiS‚</strong></span> <span class='ocrx_word' id='word_1_168' title='bbox 1692 3646 1759 3700; x_wconf 90' lang='lat' dir='ltr'><strong>et</strong></span> <span class='ocrx_word' id='word_1_169' title='bbox 1796 3634 1864 3701; x_wconf 90' lang='lat' dir='ltr'><strong>in</strong></span> <span class='ocrx_word' id='word_1_170' title='bbox 1904 3634 2180 3703; x_wconf 86' lang='lat' dir='ltr'><strong>materia</strong></span> <span class='ocrx_word' id='word_1_171' title='bbox 2209 3632 2415 3705; x_wconf 83' lang='lat' dir='ltr'><strong>literis</strong></span> 
     </span>
     <span class='ocr_line' id='line_1_26' title="bbox 275 3746 2416 3845; baseline -0 -26"><span class='ocrx_word' id='word_1_172' title='bbox 275 3775 520 3845; x_wconf 83' lang='lat' dir='ltr'><strong>parum</strong></span> <span class='ocrx_word' id='word_1_173' title='bbox 553 3764 878 3845; x_wconf 86' lang='lat' dir='ltr'><strong>cognata,</strong></span> <span class='ocrx_word' id='word_1_174' title='bbox 915 3750 1124 3817; x_wconf 88' lang='lat' dir='ltr'><strong>nostri</strong></span> <span class='ocrx_word' id='word_1_175' title='bbox 1173 3746 1548 3816; x_wconf 87' lang='lat' dir='ltr'><strong>diffidentia</strong></span> <span class='ocrx_word' id='word_1_176' title='bbox 1581 3771 1703 3837; x_wconf 88' lang='lat' dir='ltr'><strong>nos</strong></span> <span class='ocrx_word' id='word_1_177' title='bbox 1735 3746 2155 3835; x_wconf 86' lang='lat' dir='ltr'><strong>hortabatur,</strong></span> <span class='ocrx_word' id='word_1_178' title='bbox 2186 3764 2263 3817; x_wconf 91' lang='lat' dir='ltr'><strong>ut</strong></span> <span class='ocrx_word' id='word_1_179' title='bbox 2297 3750 2416 3818; x_wconf 90' lang='lat' dir='ltr'><strong>do-</strong></span> 
     </span>
     <span class='ocr_line' id='line_1_27' title="bbox 271 3862 2417 3957; baseline -0 -23"><span class='ocrx_word' id='word_1_180' title='bbox 271 3865 564 3934; x_wconf 85' lang='lat' dir='ltr'><strong>ctiorum</strong></span> <span class='ocrx_word' id='word_1_181' title='bbox 592 3866 800 3950; x_wconf 89' lang='lat' dir='ltr'><strong>curis,</strong></span> <span class='ocrx_word' id='word_1_182' title='bbox 829 3862 1060 3933; x_wconf 88' lang='lat' dir='ltr'><strong>saltem</strong></span> <span class='ocrx_word' id='word_1_183' title='bbox 1089 3864 1299 3957; x_wconf 84' lang='lat' dir='ltr'><strong>magis</strong></span> <span class='ocrx_word' id='word_1_184' title='bbox 1323 3874 1707 3956; x_wconf 88' lang='lat' dir='ltr'><strong>opportuno</strong></span> <span class='ocrx_word' id='word_1_185' title='bbox 1736 3863 2043 3956; x_wconf 87' lang='lat' dir='ltr'><strong>tempori,</strong></span> <span class='ocrx_word' id='word_1_186' title='bbox 2075 3864 2417 3956; x_wconf 83' lang='lat' dir='ltr'><strong>prodenda</strong></span> 
     </span>
     <span class='ocr_line' id='line_1_28' title="bbox 271 3976 2413 4076; baseline -0.001 -27"><span class='ocrx_word' id='word_1_187' title='bbox 271 3980 418 4049; x_wconf 79' lang='lat' dir='ltr'><strong>haec</strong></span> <span class='ocrx_word' id='word_1_188' title='bbox 453 4004 656 4074; x_wconf 87' lang='lat' dir='ltr'><strong>opera</strong></span> <span class='ocrx_word' id='word_1_189' title='bbox 699 4004 1190 4076; x_wconf 85' lang='lat' dir='ltr'><strong>seponeremus.</strong></span> <span class='ocrx_word' id='word_1_190' title='bbox 1253 3976 1559 4071; x_wconf 87' lang='lat' dir='ltr'><strong>Denique</strong></span> <span class='ocrx_word' id='word_1_191' title='bbox 1600 3976 2116 4047; x_wconf 59' lang='lat' dir='ltr'><strong>Pseudo-‘Plauti</strong></span> <span class='ocrx_word' id='word_1_192' title='bbox 2152 3978 2413 4067; x_wconf 90' lang='lat' dir='ltr'><strong>Quero-</strong></span> 
     </span>
     <span class='ocr_line' id='line_1_29' title="bbox 269 4090 2415 4190; baseline 0 -27"><span class='ocrx_word' id='word_1_193' title='bbox 269 4094 444 4183; x_wconf 88' lang='lat' dir='ltr'><strong>lum,</strong></span> <span class='ocrx_word' id='word_1_194' title='bbox 471 4096 771 4190; x_wconf 88' lang='lat' dir='ltr'><strong>spurium</strong></span> <span class='ocrx_word' id='word_1_195' title='bbox 808 4109 877 4163; x_wconf 89' lang='lat' dir='ltr'><strong>et</strong></span> <span class='ocrx_word' id='word_1_196' title='bbox 921 4090 1368 4163; x_wconf 87' lang='lat' dir='ltr'><strong>adulterinum</strong></span> <span class='ocrx_word' id='word_1_197' title='bbox 1406 4117 1601 4187; x_wconf 88' lang='lat' dir='ltr'><strong>opus,</strong></span> <span class='ocrx_word' id='word_1_198' title='bbox 1631 4107 1705 4161; x_wconf 91' lang='lat' dir='ltr'><strong>ut</strong></span> <span class='ocrx_word' id='word_1_199' title='bbox 1742 4090 2047 4162; x_wconf 88' lang='lat' dir='ltr'><strong>consulto</strong></span> <span class='ocrx_word' id='word_1_200' title='bbox 2076 4092 2415 4164; x_wconf 88' lang='lat' dir='ltr'><strong>omittere-</strong></span> 
     </span>
     <span class='ocr_line' id='line_1_30' title="bbox 265 4196 2411 4304; baseline -0.001 -26"><span class='ocrx_word' id='word_1_201' title='bbox 265 4234 428 4279; x_wconf 83' lang='lat' dir='ltr'><strong>mus</strong></span> <span class='ocrx_word' id='word_1_202' title='bbox 447 4263 467 4296; x_wconf 92' lang='lat'><strong>,</strong></span> <span class='ocrx_word' id='word_1_203' title='bbox 487 4196 788 4304; x_wconf 70' lang='lat' dir='ltr'><strong>quamvis</strong></span> <span class='ocrx_word' id='word_1_204' title='bbox 807 4206 1271 4277; x_wconf 85' lang='lat' dir='ltr'><strong>Wernsdorfio</strong></span> <span class='ocrx_word' id='word_1_205' title='bbox 1294 4208 1713 4276; x_wconf 84' lang='lat' dir='ltr'><strong>nominatum</strong></span> <span class='ocrx_word' id='word_1_206' title='bbox 1732 4260 1753 4291; x_wconf 89' lang='lat'><strong>,</strong></span> <span class='ocrx_word' id='word_1_207' title='bbox 1780 4230 1903 4275; x_wconf 88' lang='lat' dir='ltr'><strong>nos</strong></span> <span class='ocrx_word' id='word_1_208' title='bbox 1925 4206 2131 4275; x_wconf 87' lang='lat' dir='ltr'><strong>suasit</strong></span> <span class='ocrx_word' id='word_1_209' title='bbox 2158 4222 2411 4302; x_wconf 85' lang='lat' dir='ltr'><strong>tempo-</strong></span> 
     </span>
    </p>
   </div>
  </div>
 </body>
</html>
