2964 4690
564 347 701 442 558
1438 371 1802 420 manum.

592 489 681 554 II.
733 486 905 554 Item
950 535 2470 557 ................................
2547 511 2682 582 127

558 609 683 677 III.
730 609 789 676 E
827 606 1186 701 Priapeiis‚
1226 607 1449 702 epigr.
1474 611 1602 678 LII
1621 658 1834 678 .....
1917 661 2468 680 ............
2555 613 2691 683 128

554 734 673 802 IV.
721 734 823 800 Ex
856 729 1123 817 iisdem,
1164 729 1375 824 epigr.
1410 732 1542 800 XV
1563 783 1584 817 ‚
1634 729 1718 798 de
1748 727 1950 799 Malis
1985 728 2448 824 pulcherrimis
2472 785 2493 818 ‚

653 854 739 924 ad
775 855 1097 949 Priapum
1146 904 2472 925 ............................
2548 878 2573 923 1
2589 851 2672 925 31

661 982 747 1049 V.
799 980 905 1048 De
950 975 1147 1047 Malis
1190 976 1507 1046 Matianis
1533 1027 1992 1046 ...........
1998 960 2004 970 ’
2027 1027 2480 1048 ..........
2555 977 2688 1048 132

637 1105 757 1171 VI.-
806 1103 913 1175 De
946 1097 1147 1170 Malis
1175 1097 1494 1168 Matianis
1518 1139 1618 1151 --
1643 1100 1820 1168 Laus
1884 1150 2286 1168 .........
2289 1084 2296 1092 ’
2319 1153 2335 1168 .
2367 1152 2381 1167 .
2415 1153 2432 1169 .
2465 1152 2480 1168 .
2557 1097 2691 1170 133

600 1230 757 1297 VII.
810 1223 1019 1294 Aliter
1052 1265 1149 1276 —-
1185 1221 1614 1318 vituperatio
1643 1273 2480 1292 ..................
2571 1221 2684 1293 Ib.

556 1353 747 1422 VIII.
803 1347 1047 1418 Alcimi
1104 1395 1656 1417 ............
1679 1382 1684 1387 -
1687 1395 2479 1414 .................
2557 1345 2689 1429 134

626 1476 750 1542 ΙΧ.
803 1470 957 1540 Tria
994 1467 1592 1566 epigrammata-de
1629 1466 1846 1539 Citrio
1879 1518 2479 1538 .............
2554 1492 2579 1537 1
2595 1465 2688 1538 35

554 1593 770 1666 Aliter
811 1641 2036 1665 ..........................
2065 1601 2084 1660 ’.
2117 1643 2472 1661 ........
2549 1587 2685 1662 136

551 1719 765 1792 Aliter
805 1763 2472 1790 ...................................
2551 1710 2683 1808 137

589 1843 679 1913 X.
726 1847 833 1913 De
869 1841 1005 1909 vita
1046 1837 1407 1934 tranquilla
1443 1889 2475 1910 ......................
2572 1835 2685 1907 lb.

550 1971 672 2038 XI.
725 1970 895 2036 Item
954 2012 2476 2032 ................................
2551 1963 2688 2045 140

550 2091 657 2159 De
689 2087 1103 2160 Maximiano
1142 2089 1426 2156 Etrusco
1469 2086 1528 2178 ej
1539 2100 1744 2178 usque
1779 2108 1858 2155 ac
1891 2085 2144 2154 caeteris
2185 2109 2332 2180 quae
2365 2083 2494 2154 hac

648 2223 838 2304 parte
876 2219 1351 2303 proponuntur
1384 2203 1796 2275 carminibus
1821 2259 2079 2276 ......
2101 2219 2127 2276 ’.
2161 2231 2188 2277 .·
2207 2257 2468 2277 ......
2545 2205 2687 2292 143

547 2335 654 2404 De
701 2333 974 2404 nomine
1016 2328 1310 2401 Cornelii
1344 2327 1522 2400 Galli
1559 2328 1726 2400 Falso
1767 2327 2011 2425 Elegiis
2051 2330 2375 2426 inscripto
2399 2386 2418 2402 .
2450 2385 2467 2400 .
2542 2333 2679 2417 144

550 2456 771 2529 Variae
800 2455 1141 2525 sententiae
1174 2452 1257 2523 de
1290 2469 1563 2524 auctore
1598 2453 1980 2549 Elegiarum
2020 2507 2471 2526 ..........
2551 2456 2686 2539 148

550 2581 711 2652 Vita
745 2594 812 2648 et
847 2593 994 2649 acta
1028 2578 1421 2649 Maximiani
1479 2630 2475 2649 .....................
2551 2602 2576 2648 1
2592 2576 2682 2649 52

552 2706 658 2773 De
696 2700 947 2796 Elegiis
979 2700 1368 2771 Maximiani
1405 2722 1768 2795 earumque
1805 2714 2201 2797 argumento
2215 2748 2476 2773 ......
2550 2698 2684 2771 162

553 2827 896 2897 Editiones
929 2826 1309 2921 Elegiarum
1344 2825 1738 2896 Maximiani
1781 2878 2475 2898 ...............
2549 2822 2687 2911 164

556 2946 1007 3020 Maximianus
1046 2948 1216 3019 alter
1248 2948 1548 3019 diversus
1586 2947 1669 3019 ad
1704 2947 2198 3045 Elegiographo
2214 3000 2473 3020 ......
2546 2970 2686 3043 170

557 3072 867 3143 Subsidia
911 3072 1171 3141 edendo
1213 3072 1626 3142 Maximiano
1667 3070 1967 3141 adhibita
2023 3121 2475 3143 ..........
2545 3092 2681 3165 172

556 3198 666 3265 De
709 3192 897 3264 Ofilii
934 3194 1239 3289 Sergiani
1281 3192 1511 3265 Pulice
1533 3246 2472 3267 ....................
2545 3190 2684 3289 176

554 3318 895 3387 luventini
940 3314 1305 3385 Philomela
1339 3369 1354 3385 .
1386 3352 1403 3385 .
1436 3369 1452 3385 .
1485 3370 1500 3385 .
1531 3369 1549 3386 .
1581 3370 1595 3387 .
1630 3370 1645 3385 .
1677 3368 1692 3386 .
1725 3350 1742 3388 ι
1773 3370 2230 3387 ..........
2259 3324 2264 3329 ’
2263 3369 2474 3387 .....
2547 3314 2683 3413 178

450 3414 461 3421 ι
555 3439 817 3536 Sperati
852 3435 1024 3508 Phil.
1059 3442 1287 3534 Symp.
1324 3440 1702 3534 AEnigmata
1727 3492 2471 3512 ................
2545 3438 2680 3510 182

474 3640 477 3643 ,
552 3562 842 3669 Ausonii.
872 3562 1173 3657 Griphus
1189 3616 2466 3636 ...........................
2543 3562 2678 3635 183

558 3692 754 3761 Notae
794 3687 1041 3782 quihus
1076 3688 1405 3757 variantes
1450 3685 1625 3757 lectt.
1667 3687 1974 3757 codicum
2009 3690 2184 3758 MSS
2225 3702 2292 3757 et
2334 3687 2484 3757 edd.

652 3826 1063 3881 vetustarum
1088 3796 1496 3881 'Maximiani
1539 3812 1892 3907 signantur
1920 3864 2470 3884 ............
2547 3810 2682 3883 185

556 3940 659 4005 De
686 3936 1097 4005 Maximiano
1122 3926 1443 4021 EtruscOJ
1478 3936 1614 4006 sive
1641 3933 2488 4021 Pseudo-CornelioGal10‚

654 4059 1028 4129 testimonia
1070 4074 1420 4129 auctorum
1457 4082 1538 4129 ac
1571 4058 1825 4153 judicia
1873 4110 2470 4130 .............
2549 4055 2688 4129 186
