2964 4690
734 392 870 461 AD
920 393 1405 461 SYMPOSII
1456 392 2012 463 AENIGMATA.
2295 394 2430 492 3¹7

304 521 502 609 gione
553 519 847 585 sensisse.
906 522 1131 586 Restat
1178 522 1481 585 ultimum
1527 538 1982 611 argumentum
2003 570 2022 604 ,
2073 544 2206 613 quo
2259 527 2438 603 Heu-

312 650 587 691 mannus
606 626 823 691 studet
834 626 1201 717 AEnigmata
1220 628 1554 693 Lactantio
1570 629 1897 694 vindicare
1911 678 1930 711 ,
1955 630 2152 718 idque
2169 631 2441 697 ductum

310 756 344 796 a
388 734 559 821 stylo
602 755 832 796 eorum
858 766 881 813 ‚·
921 755 1120 820 quem
1168 731 1325 797 dicit
1357 734 1693 799 Lactantio
1725 756 1862 798 non
1892 733 2230 824 indignum
2267 758 2438 819 esse,

310 862 522 927 neque
566 840 649 903 ab
691 856 873 904 aetate
915 841 1053 921 ejus
1094 839 1399 905 alienum.
1452 839 1530 904 Id
1568 862 1724 904 vero
1765 856 2224 931 argumentum
2259 843 2442 907 valde

308 944 633 1009 lubricum
670 960 805 1025 est,
858 946 965 1008 cui
1008 944 1291 1007 multum
1332 945 1669 1008 immorari
1700 945 1804 1009 vix
1843 966 2102 1011 necesse
2133 948 2233 1011 sit.
2285 948 2439 1011 Lar-

310 1051 429 1139 giri
466 1052 643 1115 enim
676 1072 1059 1141 possumus,
1092 1050 1331 1115 habere
1368 1073 1522 1117 eum
1565 1050 1880 1115 nonnulla
1911 1074 2062 1115 cum
2105 1052 2438 1118 Lactantio

310 1158 720 1239 communia,
767 1178 907 1221 esse
945 1158 1217 1245 planum
1236 1204 1257 1239 ,
1290 1173 1357 1222 et
1386 1157 1538 1221 satis
1569 1156 1814 1245 liquide
1834 1205 1853 1237 ,
1885 1179 2050 1245 pure
2087 1158 2456 1247 eleganter--

311 1284 437 1351 que
478 1261 720 1343 fluere3
762 1262 877 1327 sed
916 1263 1153 1327 habere
1190 1263 1383 1327 etiam
1416 1284 1572 1327 suos
1609 1284 1822 1325 naevos
1854 1278 1920 1325 et
1951 1261 2346 1347 idiotismos,
2379 1283 2446 1329 et

202 1426 207 1429 .
312 1366 609 1433 duriores
642 1369 997 1434 sententias
1016 1416 1035 1450 ,
1070 1390 1231 1457 quas
1266 1367 1638 1433 Lactantius
1670 1368 1776 1432 vix
1819 1367 2184 1451 admiserit,
2223 1393 2260 1433 e
2292 1372 2441 1459 plu-

311 1472 491 1537 ribus
520 1474 973 1564 aenigmatibus
992 1523 1011 1557 ,
1046 1489 1111 1539 et
1140 1473 1419 1538 maxime
1440 1464 1477 1537 e
1496 1472 1856 1555 ProoemiO,
1888 1474 2304 1541 manifestum
2325 1493 2441 1541 est.

314 1578 475 1662 Quae
508 1580 941 1645 Heumannus
974 1602 1331 1668 agnoscens
1364 1595 1442 1643 ut
1475 1594 1847 1660 excusaret,
1887 1600 2146 1644 necesse
2177 1580 2405 1645 habuit
2425 1628 2446 1663 ,

316 1708 489 1751 nunc
526 1685 612 1756 ad
652 1686 1003 1767 juvenilem
1027 1732 1046 1767 ,
1092 1706 1291 1772 quam
1336 1684 1475 1772 ipse
1511 1685 1733 1748 statuit
1753 1733 1771 1765 ,
1816 1686 2099 1749 auctoris
2149 1703 2397 1752 aetatem
2425 1736 2442 1769 ,

316 1782 489 1856 nunc
534 1792 623 1859 ad
670 1790 1092 1857 Africismum
1142 1790 1494 1877 quemdam
1519 1836 1538 1871 ,
1589 1780 1704 1877 qui
1755 1790 2056 1856 subolere
2099 1793 2159 1855 ei
2203 1816 2282 1857 ex
2324 1794 2444 1858 hac

316 1898 517 1985 opella
552 1899 731 1962 visus
765 1914 861 1962 est
880 1946 899 1978 ,
946 1896 1319 1985 confugere.
1360 1896 1502 1985 Ego
1533 1896 1747 1959 solum
1784 1895 1911 1960 hoc
1940 1894 2025 1961 de
2057 1898 2226 1987 stylo
2254 1898 2444 1965 AEni-

316 2020 603 2090 gmatum
636 2003 1061 2093 pronuntiare
1092 2001 1304 2067 audeo
1327 2052 1345 2079 ‚
1378 2000 1574 2090 digna
1597 2024 1736 2065 esse
1757 2024 1892 2065 aevo
1906 2050 1927 2083 ,
1954 2002 2286 2069 Lactantio
2309 2028 2443 2069 non

318 2110 595 2173 multum
627 2108 951 2173 inferiore.

398 2214 527 2279 Sed
588 2215 671 2280 de
728 2232 993 2280 auctore
1044 2213 1239 2279 Caelio
1282 2214 1628 2303 Symposio
1681 2215 1872 2293 satis;
1926 2236 2106 2278 nunc
2160 2214 2240 2279 de
2287 2217 2443 2305 ipsis

317 2318 791 2410 AEnigmatibus
806 2317 1175 2386 dicendum.
1197 2318 1477 2384 Centum
1503 2318 1873 2408 AEnigmata
1895 2319 2228 2407 reliquisse
2255 2320 2443 2411 Sym-

318 2428 571 2514 posium
595 2477 616 2509 ,
681 2428 976 2515 plurimae
1045 2425 1567 2514 vulgatioresque
1633 2425 1948 2491 editiones
1973 2474 1991 2508 ,
2055 2441 2196 2492 tum
2254 2429 2444 2494 etiam

318 2531 529 2622 Mspta
580 2539 833 2598 vetusta
883 2529 1166 2619 probant
1192 2576 1211 2612 ,
1262 2530 1328 2594 in
1388 2529 1628 2618 quibus
1682 2547 1899 2596 tamen
1949 2548 2142 2615 sunt,
2191 2555 2335 2621 quae
2385 2551 2450 2600 et

320 2661 597 2704 numero
646 2654 712 2703 et
754 2637 986 2704 ordine
1033 2637 1447 2725 aenigmatum
1499 2635 1849 2718 differunt,
1896 2638 2212 2703 nonnulla
2255 2641 2445 2704 etiam

318 2745 610 2811 centenis
647 2745 783 2810 istis
818 2745 1089 2825 inserta,
1124 2741 1225 2806 vel
1263 2740 1528 2824 adsuta,
1561 2741 1662 2805 vel
1693 2740 1979 2806 detracta
2022 2743 2286 2808 habent.
2325 2745 2444 2810 Lil.

319 2851 504 2941 Greg.
542 2850 864 2940 Gyraldus
896 2850 962 2912 in
996 2848 1127 2913 fine
1154 2847 1340 2929 libri,
1378 2870 1512 2934 quo
1540 2847 1871 2934 aenigmata
1908 2848 2215 2912 Veterum
2247 2871 2447 2937 expo-

322 2957 416 3020 nit
438 2957 464 3044 (
486 2972 651 3020 tom.
674 2957 739 3020 11
772 2955 943 3043 opp.
974 2977 1039 3043 p.
1062 2952 1259 3040 635),
1296 2955 1636 3018 recitatum
1671 2953 1795 3016 sibi
1827 2953 1910 3018 ab
1937 2953 2150 3018 amico
2177 2955 2444 3042 aenigma

320 3063 401 3128 de
424 3085 665 3128 somno
688 3063 919 3144 refert,
952 3060 1133 3150 quod
1154 3061 1221 3124 in
1250 3061 1617 3149 SymposiO,
1647 3083 1830 3125 num.
1860 3083 1970 3148 97,
2003 3076 2226 3138 exstat,
2253 3077 2450 3150 atque

322 3169 499 3235 addit
530 3192 547 3233 ε
586 3201 613 3224 «ι
639 3169 957 3255 Recitavit
986 3185 1052 3232 et
1080 3165 1239 3249 alia,
1284 3189 1427 3254 quae
1467 3165 1914 3256 frigidiuscula
1956 3189 2160 3254 quum
2195 3183 2446 3246 essent,

321 3295 473 3342 sunt
515 3277 650 3342 visa
696 3275 961 3365 indigna
1005 3275 1213 3338 relatu
1230 3305 1275 3336 w.
1325 3275 1477 3337 Haec
1518 3273 1714 3336 verba
1758 3295 2096 3361 perperam
2133 3271 2452 3361 accepisse

322 3382 578 3447 videtur
608 3383 756 3448 Ger.
786 3382 883 3444 Jo.
914 3380 1181 3444 Vossius
1202 3378 1333 3466 (1),
1354 3377 1468 3465 qui
1497 3394 1844 3464 postquam
1873 3377 2068 3458 dixit,
2096 3377 2448 3466 Gyraldum

323 3487 495 3552 haud
542 3489 760 3577 magni
803 3487 1027 3552 fecisse
1072 3484 1396 3573 Symposii
1438 3484 1772 3572 aenigmata
1797 3529 1817 3563 ,
1856 3483 2237 3571 subjungit:
2275 3515 2300 3540 κ
2327 3486 2479 3559 Sed,

324 3609 549 3682 praeter
588 3616 695 3674 ea,
744 3615 887 3682 quae
933 3613 1165 3656 excusa
1207 3589 1557 3672 habemus,
1593 3604 1947 3676 supersunt
1987 3589 2104 3653 alia
2146 3591 2296 3654 satis
2336 3594 2453 3654 fri·

324 3701 501 3789 gida,
534 3701 747 3789 aliqua
779 3699 972 3763 etiam
1003 3697 1316 3776 obscena,
1350 3717 1496 3783 quae
1521 3693 1762 3760 idcirco
1791 3695 2048 3759 omissa.
2080 3696 2164 3760 Et
2187 3713 2453 3784 propter

328 3807 442 3870 ista
478 3809 570 3871 sic
604 3805 803 3870 Lilius
836 3804 1198 3893 scripserit,
1240 3803 1354 3891 qui
1396 3817 1820 3888 conspexerat
1858 3822 2028 3889 opus
2061 3801 2382 3890 integrum
2410 3835 2453 3866 υ.

326 3893 574 4000 Nempe
607 3935 750 3999 quae
780 3911 947 3976 Liiio
976 3911 1239 3976 recitata
1290 3908 1407 3973 alia
1460 3923 1617 3972 sunt
1661 3908 2040 3995 aenigmata,
2095 3923 2160 3970 et
2200 3929 2347 3994 ‚quae
2395 3911 2454 3970 ei

398 4121 477 4186 (ι)
509 4121 587 4172 De
613 4117 761 4172 Poet.
784 4121 897 4172 Lat.
919 4137 1035 4190 cap.
1058 4121 1091 4170 8
1111 4154 1126 4180 ,
1148 4137 1202 4188 p.
1228 4119 1311 4170 86.
