2964 4690
527 363 570 432 8
1273 365 1903 436 PROOEMIUM

525 511 649 575 est,
671 495 757 560 ob
780 495 1045 565 hortum
1070 496 1160 562 ita
1185 496 1572 562 instructum
1596 495 1932 560 Maronem
1958 497 2289 562 Maecenati
2320 499 2635 588 Georgica

527 621 641 664 sua
671 597 1032 682 dedioesse3
1065 623 1276 688 neque
1307 600 1480 664 enim
1518 615 1757 665 temere
1790 600 1879 668 ita
1914 600 1997 665 ad
2023 623 2175 666 eum
2206 603 2547 692 incepisse:

842 730 987 796 Quid
1013 729 1172 784 faciat
1195 729 1338 783 loetas
1357 741 1556 801 segetes
1572 766 1860 797 .........

857 854 1325 872 ..............
1361 818 1482 889 quic
1504 823 1659 872 adeas
1681 819 1927 874 habendo

843 921 924 976 Sit
949 922 1151 994 pecori,

530 1071 646 1134 ubi
677 1070 968 1160 profecto
1005 1069 1086 1134 ad
1131 1067 1382 1134 Cultum
1413 1069 1775 1135 Maecenatis
1816 1071 1936 1160 ipsi
1968 1071 2225 1136 videtur
2271 1073 2639 1164 respexisse.

529 1173 685 1238 Meo
716 1197 867 1239 vero
895 1171 1141 1252 judicio
1177 1173 1314 1238 haec
1344 1175 1507 1238 ratio
1537 1173 1889 1256 admodum
1928 1175 2081 1238 levis
2109 1193 2245 1257 est,
2277 1199 2480 1263 quum
2504 1178 2639 1242 cul·

529 1296 664 1347 tum
695 1283 760 1346 in
796 1281 1113 1368 principio
1140 1281 1605 1372 Georgicorum
1639 1305 1772 1346 non
1806 1283 2143 1346 hortorum
2182 1305 2353 1365 esse,
2384 1283 2497 1348 sed
2529 1309 2643 1349 cu-

533 1410 668 1451 ram
706 1387 798 1450 rei
837 1387 1183 1475 pecuariae,
1216 1387 1627 1451 manifestum
1662 1389 1764 1452 sit.
1804 1388 1943 1452 Alia
1978 1404 2191 1452 tamen
2225 1390 2366 1454 loca
2396 1381 2638 1478 Virgilii

531 1515 664 1554 non
700 1515 928 1582 negem
959 1493 1258 1580 reperiri,
1304 1493 1370 1560 in
1419 1493 1658 1582 quibus
1689 1493 1893 1558 cultus
1920 1495 2311 1560 vocabulum
2350 1495 2433 1560 de
2466 1497 2642 1560 cultu

533 1597 852 1681 hortensi,
868 1615 934 1662 et
955 1599 1270 1687 sigillatim
1298 1597 1377 1663 de
1392 1621 1545 1662 cura
1567 1598 1889 1663 inserendi
1909 1600 2331 1688 mutandique
2354 1600 2643 1684 arbores,

533 1702 862 1785 adhibuit,
895 1718 971 1767 ut
997 1703 1234 1794 Georg.
1266 1706 1363 1786 11,
1395 1702 1474 1769 35
1505 1720 1570 1767 et
1596 1703 1695 1769 51.
1730 1706 1815 1768 Et
1843 1704 2081 1768 horum
2104 1706 2376 1770 alterum
2396 1691 2643 1787 locum,

533 1831 730 1896 quem
759 1811 1080 1898 posterius
1111 1811 1477 1893 citavimus,
1504 1810 1740 1902 Georg.
1774 1813 1868 1894 11,
1902 1809 2010 1893 51,
2035 1811 2303 1876 Rivinus
2336 1813 2423 1878 ita
2454 1812 2642 1876 intel-

535 1915 708 2003 ligit,
751 1902 816 1979 et
863 1914 1190 1980 firmandae
1233 1917 1528 2010 opinioni
1578 1941 1709 1981 suae
1754 1917 2225 2000 accommodat,
2272 1933 2347 1980 ut
2392 1917 2641 1998 credat,

535 2019 871 2084 Maronem
899 2042 978 2085 eo
1003 2021 1416 2085 Maecenatem
1445 2019 1746 2110 adloqui,
1780 2039 1845 2085 et
1868 2019 1949 2085 ad
1970 2038 2170 2103 arte5‚
2201 2045 2359 2110 quas
2387 2021 2491 2086 ille
2513 2021 2648 2111 ipse

535 2124 616 2189 ad
649 2127 953 2205 majorem
984 2126 1291 2191 arborum
1317 2127 1563 2192 cultum
1598 2125 1929 2208 adhibeat,
1963 2143 2027 2190 et
2058 2127 2125 2190 in
2148 2127 2338 2192 Cultu
2364 2151 2485 2192 suo
2508 2126 2651 2192 des-

536 2231 857 2317 cripserit,
892 2253 1259 2319 provooere.
1292 2232 1611 2318 Loquitur
1636 2230 1718 2295 de
1749 2231 2145 2296 silvestribus
2180 2233 2522 2298 arboribus
2548 2232 2646 2294 in·

539 2335 822 2401 serendis
856 2360 871 2400 ε

859 2486 1369 2505 ...............
1397 2462 1574 2504 tamen
1600 2451 1711 2503 hec
1731 2468 1943 2523 quoque
1961 2450 2003 2501 si
2030 2450 2147 2521 quis

849 2538 1080 2600 luserat,
1102 2548 1197 2591 aut
1220 2538 1495 2591 scrobibus
1520 2538 1731 2591 mandet
1752 2550 1946 2589 mutata
1968 2536 2223 2597 subactis,

848 2625 1128 2679 Exsuerint
1146 2626 1436 2679 silvestrem
1459 2626 1696 2678 animum
1721 2643 1736 2677 ε
1776 2630 2003 2693 cumque
2022 2624 2287 2695 frequenti

853 2712 918 2765 In
939 2730 1299 2785 quascumque
1323 2732 1478 2769 voce·
1500 2712 1803 2785 (Μωοιιαι)
1825 2724 1960 2766 arte·
1978 2752 1995 2779 ,
2016 2711 2161 2766 haud
2182 2710 2333 2765 tarda
2358 2722 2655 2784 sequentur.

540 2856 664 2921 Sed
687 2856 922 2920 frustra
954 2856 1060 2919 hic
1103 2856 1469 2921 Maecenatis
1502 2857 1997 2947 adpellationem
2032 2856 2261 2946 quaeri,
2298 2856 2480 2921 facile
2512 2859 2657 2945 quis

539 2963 879 3051 intelligat,
912 2962 1024 3049 qui
1054 2986 1235 3025 voces
1260 2963 1770 3051 impersonaliter
1791 2961 2237 3051 accipiendum
2268 2961 2493 3026 videat.
2522 2962 2661 3025 Ma-

537 3068 675 3146 jore
698 3090 848 3131 cum
866 3066 1078 3155 specie
1098 3067 1291 3131 fidem
1306 3068 1597 3157 opinioni
1620 3092 1751 3133 suae
1765 3070 2060 3133 conciliat
2072 3068 2362 3149 Rivinus,
2375 3064 2660 3131 adducto

542 3194 730 3235 versu
757 3172 1077 3252 Maronis,
1101 3171 1331 3261 Georg.
1364 3174 1462 3253 11,
1491 3171 1604 3258 39,
1640 3196 1774 3259 quo
1806 3172 2217 3236 Maecenatem
2257 3172 2545 3253 invocat,
2584 3191 2660 3237 ut

543 3278 829 3341 favorem
867 3277 1046 3365 operi
1090 3300 1211 3342 suo
1247 3293 1538 3366 praestet,
1579 3300 1711 3366 quo
1749 3299 1924 3341 nunc
1959 3276 2261 3340 arborum
2296 3278 2658 3366 vitiumque

544 3382 926 3471 propagines
961 3382 1194 3447 docere
1220 3379 1631 3473 adgrediatur
1656 3406 1671 3446 :

859 3521 1048 3592 Tuque
1071 3520 1194 3575 ades
1213 3558 1228 3585 ,
1255 3522 1629 3593 inceptumque
1647 3538 1753 3575 una
1774 3518 1997 3573 decurre
2018 3517 2267 3571 laborem.

547 3664 740 3727 Hunc
771 3661 944 3724 enim
989 3682 1245 3725 versum
1305 3663 1391 3725 ita
1446 3662 1733 3748 accipere
1784 3658 2039 3723 videtur
2060 3708 2079 3739 ,
2131 3658 2313 3746 quasi
2360 3658 2661 3722 hortetur

546 3768 998 3847 Maecenatem,
1047 3782 1154 3846 ut,
1188 3764 1735 3853 quemadmodum
1772 3766 1906 3853 ipse
1954 3764 2021 3827 in
2054 3764 2222 3829 libro
2256 3763 2655 3851 Georgicon,

551 3872 636 3937 ita
661 3872 764 3937 ille
787 3874 856 3936 in
873 3872 1036 3936 libro
1063 3872 1362 3936 instituto
1381 3872 1462 3936 de
1490 3872 1681 3937 Cultu
1692 3886 1894 3935 artem
1920 3888 1985 3935 et
1998 3892 2219 3934 curam
2242 3868 2657 3933 serendarum

549 3980 856 4043 arborum
899 4000 1220 4066 exponere
1263 3994 1519 4066 pergat,
1566 3994 1761 4066 atque
1804 4000 1933 4042 una
1980 3998 2197 4041 secum
2215 4023 2233 4057 ,
2280 3976 2380 4039 vel
2422 3975 2659 4038 sociata

549 4106 778 4171 opera,
811 4084 990 4149 hunc
1027 4084 1309 4149 laborem
1335 4077 1640 4147 absoiv'at.
1676 4083 1789 4147 His
1816 4082 2117 4171 expositis
2148 4081 2199 4143 si
2240 4078 2515 4143 rationes
2550 4079 2660 4140 Ri-
