2964 4690
520 327 645 418 i7'2
776 355 784 360 ·
1063 321 1565 390 SUBSIDIA
1623 317 2065 404 EDENDO

505 453 658 516 Haec
690 454 840 539 quia
877 451 1064 540 plane
1104 473 1142 514 a
1183 450 1553 514 Maximiani
1596 448 1849 512 Etrusci
1886 448 2079 537 genio
2118 445 2515 536 discrepant,
2552 451 2622 512 in

435 585 440 590 ·
501 565 670 622 eam·
699 581 802 622 me
849 559 1232 622 sententiam
1269 556 1640 636 adducunt,
1692 571 1767 620 ut
1810 553 2065 618 credam
2087 600 2106 635 ,
2150 535 2290 618 aut.
2312 556 2626 620 exstitisse

427 697 438 708 ν·
498 687 633 756 ωγο
677 663 894 727 medio
929 663 1394 731 Maximianum
1431 663 1703 726 alterum
1740 675 1808 724 et
1838 659 2165 724 diversum
2202 660 2283 723 ab
2316 661 2593 724 Etrusco
2609 709 2626 742 ,

431 811 434 816 -
498 769 682 850 'cujus
737 770 904 832 forte
956 769 1202 833 fuerint
1243 768 1565 850 carmina,
1611 789 1757 854 quae
1809 765 2103 830 Labbeus
2152 783 2503 846 memorat,
2544 767 2627 830 de

499 881 731 939 virtute
751 905 760 914 ·
779 890 844 940 et
895 874 1131 939 invidia
1153 923 1172 951 ,
1225 874 1308 937 de
1359 877 1456 937 ira
1481 923 1500 956 ,
1536 875 1854 962 patientia
1904 887 2091 962 atque
2139 874 2417 936 avaritia
2438 919 2457 953 ‚
2511 889 2625 936 aut

496 981 844 1044 Etruscum
896 980 1082 1044 illum
1137 977 1622 1042 monachalibus
1676 979 2007 1067 praeceptis
2050 977 2234 1042 valde
2274 978 2623 1066 interpola-

477 1095 636 1151 ‘tum
657 1133 676 1167 ‚
715 1101 781 1150 et
827 1084 910 1150 ab
947 1085 1243 1150 obscenis
1275 1085 1661 1172 lascivisque
1692 1083 1850 1147 locis
1897 1100 2243 1172 purgatum
2278 1083 2472 1147 fuisse
2492 1130 2511 1164 ,
2548 1099 2625 1146 ut

491 1208 678 1279 aptus
715 1191 1082 1255 scholarum
1122 1191 1384 1255 lectioni
1435 1207 1501 1255 et
1548 1188 1899 1276 disciplinae
1934 1203 2117 1253 esset.
2156 1189 2239 1252 Et
2270 1188 2621 1276 interpola-

492 1298 702 1361 tiones
755 1295 954 1360 varias
1015 1293 1291 1360 subinde
1347 1309 1687 1384 expertum
1745 1315 1887 1358 esse
1942 1293 2401 1366 Maximianum
2426 1340 2445 1374 ,
2484 1293 2620 1357 loca

495 1403 806 1466 nonnulla
839 1401 1430 1489 manuscriptorum
1467 1417 1759 1464 veterum
1794 1400 1983 1464 etiam
2020 1421 2198 1462 nunc
2231 1397 2621 1479 ostendunt,

496 1509 810 1596 siquidem
837 1509 904 1571 in
932 1506 1154 1572 codice
1186 1506 1712 1596 Luncburgensi‚
1732 1507 1845 1570 ·vel
1878 1507 1938 1570 N
1944 1505 2243 1570 iclasiano
2261 1553 2280 1587 ,
2313 1521 2457 1594 post
2488 1528 2624 1568 ver-

496 1639 642 1678 sum
673 1615 801 1691 234
829 1615 1062 1702 Elegiae
1087 1616 1153 1696 1,
1189 1637 1414 1679 versus
1461 1615 1827 1678 hexameter
1869 1612 2113 1676 alienus
2152 1611 2622 1699 interponitur3

497 1737 577 1784 et·
611 1720 676 1782 in
733 1718 961 1782 eodem
987 1767 1006 1798 ,
1055 1734 1196 1782 tum
1247 1719 1314 1782 in
1366 1719 1682 1782 Vossiano
1734 1733 1800 1782 et
1844 1715 2417 1798 Rottendorfiano,
2456 1739 2623 1804 quos

494 1825 758 1889 collatos
805 1824 1016 1890 habeo
1035 1871 1056 1906 ,
1100 1839 1250 1911 post
1295 1847 1555 1888 versum
1605 1828 1689 1902 4ο
1732 1823 1966 1912 Elegiae
2008 1825 2072 1887 11
2108 1821 2429 1887 distichon
2464 1823 2625 1886 inte·

497 1953 688 2018 grum
721 1931 1024 1994 inseritur
1043 1977 1061 2010 ,
1094 1929 1274 2016 quod
1305 1930 1690 2018 exemplaria
1723 1931 2045 2018 impressa·
2069 1951 2199 1992 non
2238 1943 2618 2016 agnoscunt.

499 2036 878 2101 Referemus
927 2057 1038 2101 eos
1087 2057 1307 2126 versus
1327 2084 1345 2118 ‚
1381 2057 1501 2099 suo
1545 2057 1841 2124 quosque
1877 2035 2056 2116 loco,
2086 2033 2257 2097 inter
2292 2033 2623 2096 variantes

497 2142 824 2206 lectiones·

587 2249 1000 2336 Quamquam
1031 2248 1458 2313 Maximianus
1492 2251 1866 2336 frequenter
1899 2265 1995 2311 est
2021 2246 2230 2311 editus
2252 2295 2269 2328 ,
2302 2244 2623 2310 beneficio

496 2356 761 2445 quidem
797 2356 1316 2419 Triumvirorum
1349 2372 1685 2443 poetarum
1706 2404 1725 2437 ,
1755 2355 1991 2419 Catulli
2010 2404 2029 2435 ,
2058 2354 2205 2418 Tib.
2228 2354 2419 2441 Prop.
2450 2376 2621 2439 quo·

495 2484 644 2525 rum
687 2462 762 2524 in·
802 2462 1204 2525 consortium
1249 2461 1446 2525 semel
1491 2476 1627 2525 erat
1669 2476 2005 2548 receptus»,
2052 2476 2353 2523 caeterum
2404 2472 2619 2521 tamen

467 2568 829 2655 'neglectus
867 2565 1337 2655 despectusque
1361 2566 1565 2648 jacuit
1598 2567 1669 2629 in
1706 2581 1993 2647 tantum,
2028 2580 2103 2628 ut
2130 2564 2457 2627 neminem
2482 2586 2625 2627 eru·

495 2672 783 2737 (litorum
821 2672 1012 2736 sciam
1033 2720 1052 2754 ,
1089 2672 1202 2759 qui
1233 2673 1368 2753 ejus
1400 2672 1649 2761 Elegias
1681 2670 1989 2759 singulari
2020 2692 2175 2733 cura
2198 2666 2622 2732 recensendas

493 2796 558 2844 et
599 2776 1032 2854 emendandas
1074 2780 1463 2866 susceperit,
1511 2778 1660 2842 licet
1706 2776 1882 2843 haud
1921 2776 2249 2841 defuerint
2269 2822 2287 2855 ,
2326 2774 2440 2861 qui
2484 2774 2621 2837 loca

493 2884 808 2949 nonnulla
861 2906 1084 2949 earum
1134 2882 1281 2947 data
1327 2884 1667 2947 occasione
1704 2883 2013 2963 citarent,
2053 2898 2167 2946 aut
2198 2894 2616 2967 exponerent.

496 2992 650 3072 Quo
697 2990 902 3071 major
943 2990 1103 3053 mihi
1145 2989 1647 3071 mussaadfuit,
1688 3005 1764 3054 ut
1794 2988 2076 3052 instituti
2116 2987 2242 3050 mei
2278 2986 2485 3075 legem
2516 3006 2621 3049 se-

496 3112 740 3183 quutus
789 3112 1048 3183 poetam
1093 3095 1412 3159 insulsum
1462 3095 1727 3183 quidem
1750 3142 1767 3175 ‚
1809 3094 1989 3182 quod
2024 3108 2481 3181 argumentum
2508 3090 2623 3154 ad-

494 3202 693 3279 tinet,
727 3199 1079 3265 facundum
1115 3218 1330 3265 tamen
1365 3219 1430 3265 et
1459 3225 1581 3289 pro
1616 3202 1852 3267 saeculo
1888 3223 2008 3265 suo
2040 3200 2192 3264 satis
2220 3199 2619 3289 elegantem,

495 3328 529 3369 a
575 3306 772 3368 veteri
824 3307 952 3370 situ
999 3306 1338 3371 liberarem
1361 3357 1378 3390 ,
1424 3324 1491 3371 et
1536 3308 1952 3396 repurgatum
2001 3307 2169 3369 inter
2218 3305 2443 3367 Poetas
2492 3304 2621 3367 Mi-

498 3434 690 3475 nores
709 3435 1138 3500 proponerem
1158 3462 1177 3495 ,
1210 3416 1565 3501 praesertim
1583 3438 1787 3503 quum
1806 3436 1873 3478 ea
1900 3411 2190 3502 praesidia
2210 3412 2301 3474 rei
2326 3410 2623 3498 gerendae
2654 3424 2663 3431 ’

497 3517 657 3581 mihi
690 3540 726 3580 a
757 3517 910 3580 viris
943 3519 1209 3584 eruditis
1238 3520 1639 3608 suppeditata
1672 3536 1915 3601 essent,
1952 3540 2095 3608 quae
2128 3538 2231 3581 me
2260 3516 2503 3579 hortari
2536 3514 2620 3579 ad

497 3646 662 3711 opus
698 3620 858 3686 illud
893 3625 1376 3712 suscipiendum
1410 3626 1803 3691 viderentur.
1850 3627 2155 3708 Quorum
2192 3622 2509 3711 praecipua
2544 3638 2622 3687 ut

496 3751 675 3791 nunc
707 3749 1092 3809 memorem,
1127 3732 1561 3819 manuscripta
1592 3730 1973 3818 exemplaria
2004 3746 2221 3793 vetera
2246 3726 2621 3791 Maximiani

493 3834 678 3922 plura
715 3832 1096 3916 adfuerunt,
1143 3858 1284 3921 quae
1329 3839 1565 3926 partim
1606 3838 1743 3926 ipse
1786 3836 2071 3918 contuli,
2116 3835 2345 3924 partim
2391 3834 2621 3897 collata

496 3956 560 4003 et
605 3962 861 4003 mecum
911 3943 1382 4006 communicata
1428 3944 1511 4007 ab
1558 3944 1813 4024 amicis,
1850 3942 2001 4005 viris
2038 3941 2341 4021 eruditis,
2376 3938 2616 4026 accepi.

497 4044 754 4109 Codicis
807 4046 1096 4109 Vossiani
1147 4048 1550 4113 collationem
1579 4099 1597 4131 ,
1649 4072 1841 4113 manu
1892 4050 2030 4114 Nic.
2091 4046 2338 4112 Heinsii
2384 4044 2621 4109 factam
