2964 4690
585 380 709 451 162
1015 383 1155 450 DE
1203 381 1621 450 ELEGIIS
1672 369 2253 450 MAXIMIANI

571 509 982 576 Eberhardus
1031 509 1476 575 Bethuniensis
1501 560 1519 593 ,
1570 511 1635 572 in
1696 508 2127 598 Labyrintho‚
2180 530 2315 596 quo
2356 523 2573 596 poetas
2620 509 2690 572 in

553 618 747 708 ‘schol
755 619 806 681 is
831 616 1160 705 praelectos
1191 631 1480 680 recenset
1506 638 1520 676 z

851 765 984 830 Qua
1007 765 1212 818 senium
1241 764 1456 835 pulsant
1484 763 1815 817 incommoda
1842 764 2067 816 maxima
2094 763 2301 828 scribit,

919 853 986 906 Et
1009 872 1065 908 se
1091 854 1360 907 materiam
1391 852 1747 907 Maximianus
1776 852 1953 906 habet.

569 1008 752 1072 Idem
793 1009 1087 1072 fecerunt
1127 1007 1230 1071 alii
1269 1006 1569 1094 (1).Nec
1607 1007 1823 1095 inepta
1864 1007 2005 1072 talis
2036 1006 2368 1094 inscriptio
2400 1021 2464 1071 et
2493 1004 2691 1070 libelli

567 1129 954 1204 argumento
987 1113 1202 1178 minus
1235 1113 1628 1178 conveniens
1654 1111 1933 1194 videtur,
1956 1111 2274 1200 siquidem
2310 1112 2569 1198 querela
2594 1133 2695 1175 se-

570 1220 886 1300 nectutis,
931 1219 998 1282 in
1043 1220 1248 1308 prima
1296 1217 1560 1308 quidem
1604 1220 1825 1307 Elegia
1865 1219 2183 1308 praecipue
2226 1239 2540 1307 regnans,
2576 1240 2697 1305 per

568 1341 779 1389 totum
807 1347 972 1414 opus
998 1324 1316 1408 decurrit,
1343 1341 1409 1390 et
1433 1318 1581 1413 post
1604 1323 1961 1404 interjectas
1982 1325 2229 1411 aliquot
2247 1322 2332 1388 de
2364 1322 2694 1388 amoribus

569 1431 998 1510 narrationes,
1035 1429 1262 1493 ultima
1291 1429 1509 1518 Elegia
1550 1428 1771 1494 denuo
1806 1428 2135 1516 repetitur.
2167 1427 2323 1509 Alii,
2354 1428 2421 1490 in
2454 1426 2695 1514 quibus

569 1533 916 1599 Goldastus
935 1582 954 1615 ,
986 1535 1292 1614 majorem
1324 1534 1523 1599 libelli
1546 1551 1789 1623 partem
1816 1548 2209 1622 spectantes,
2236 1549 2695 1620 argumentum

570 1640 706 1720 ejus
749 1657 1114 1727 posuerunt
1155 1643 1422 1704 Amores
1465 1639 1874 1704 Maximiani
1882 1664 1910 1719 ‚·
1948 1639 2210 1728 plurimi
2252 1655 2467 1704 autem
2486 1654 2517 1720 ,·
2539 1635 2697 1702 inde

567 1767 776 1832 usque
817 1765 855 1807 a
897 1743 1177 1808 Gaurico
1218 1744 1567 1808 inscribere
1599 1743 1973 1830 Elegiarum
2010 1741 2252 1808 libellus
2282 1743 2653 1806 maluerunt
2676 1790 2695 1823 ,

569 1849 750 1936 quod
785 1871 939 1914 sane
983 1849 1049 1912 in
1094 1849 1211 1913 ista
1252 1849 1531 1912 materiae
1566 1865 1633 1913 et
1664 1848 1846 1914 mixti
1883 1845 2245 1938 argumenti
2274 1847 2697 1936 ambiguitate

569 1954 890 2043 optimum
925 1942 1101 2045 factu
1130 1976 1268 2022 esse
1301 1953 1578 2019 videtur.
1616 1955 1830 2036 Quam
1866 1969 2083 2020 autem
2111 1952 2357 2018 diversa
2388 1953 2471 2016 de
2496 1975 2697 2042 argu·

569 2075 794 2126 mento
821 2059 1016 2124 libelli
1049 2075 1112 2124 et
1140 2076 1403 2127 auctore
1435 2059 1823 2126 existimatio
1850 2083 1969 2150 pro
1995 2060 2265 2127 diversis
2291 2059 2699 2148 temporibus

569 2167 799 2248 fuerit,
827 2166 927 2232 vel
967 2188 1045 2230 ex
1087 2167 1216 2230 hoc
1247 2164 1513 2258 intelligi
1545 2179 1794 2255 potest,
1840 2166 2023 2254 quod
2066 2166 2177 2254 qui
2221 2165 2376 2230 olim
2404 2165 2697 2254 philoso-

564 2272 726 2361 phus
755 2271 1132 2338 clarissimus
1145 2319 1166 2355 ,
1187 2287 1383 2361 poeta
1411 2271 1801 2338 doctczeszmus
1813 2321 1835 2355 ‚
1872 2287 2085 2339 orator
2112 2275 2504 2338 suavissimus
2519 2321 2540 2355 ,
2570 2295 2696 2336 au·

571 2378 788 2443 diebat
804 2428 826 2461 ,
865 2401 1042 2444 nunc
1079 2401 1118 2443 a
1157 2379 1491 2443 nonnullis
1522 2380 1899 2445 recentioris
1944 2380 2143 2445 aetatis
2187 2378 2455 2445 eruditis
2482 2385 2698 2467 pessi-

573 2505 711 2547 mm
758 2482 983 2549 nebulo
1030 2499 1095 2547 et
1142 2499 1437 2571 nugator,
1481 2485 1743 2573 scriptor
1794 2484 2101 2551 barbarus
2117 2532 2139 2565 ‚
2192 2483 2527 2548 lutulentus
2547 2531 2568 2565 ,
2610 2507 2699 2547 ac

570 2601 816 2651 cannam
837 2610 966 2651 non
989 2602 1319 2657 stercoreas
1331 2637 1353 2670 ,
1379 2590 1757 2655 nominetur
1789 2589 1903 2677 (α).
1937 2590 2101 2673 Quae
2124 2588 2389 2677 quidem
2415 2587 2657 2668 judicia
2672 2636 2693 2661 ,

572 2690 627 2755 si
659 2690 818 2781 quid
851 2691 987 2779 ipse
1013 2690 1301 2775 judicare
1327 2714 1631 2780 possum,
1663 2690 1927 2758 duriora
1958 2694 2117 2759 mihi
2136 2740 2155 2777 ,
2184 2716 2380 2781 quam
2401 2716 2521 2781 pro
2552 2715 2699 2757 me-

569 2797 696 2861 rito
729 2796 1138 2881 Maximiani,
1169 2796 1492 2863 videntur.
1528 2798 1667 2863 Etsi
1705 2799 1875 2864 enim
1911 2800 1979 2863 in
2018 2799 2409 2868 Maximiano
2438 2799 2697 2863 nullum

573 2902 828 2966 virtutis
860 2902 1224 2990 exemplum
1247 2948 1266 2983 ,
1306 2924 1426 2965 nec
1458 2924 1623 2967 verte
1652 2903 2007 2968 honestatis
2046 2902 2335 2967 studium
2375 2926 2658 2993 agnosco
2678 2952 2699 2986 ,

573 3007 972 3073 nebulonem
1006 3023 1250 3089 tamen,
1282 3008 1628 3075 sceleribus
1654 3024 1721 3073 et
1746 3010 2043 3099 nequiter
2074 3009 2253 3075 factis
2274 3009 2656 3097 gloriantem
2678 3058 2698 3089 ‚

575 3136 708 3176 non
743 3113 1026 3201 reperio,
1069 3112 1184 3179 sed
1228 3116 1573 3201 querulum
1608 3136 1827 3179 senem
1847 3162 1866 3197 ,
1908 3116 2057 3179 vitia
2098 3138 2217 3181 sua
2260 3132 2327 3179 ct
2370 3114 2702 3180 molestias

573 3218 896 3285 imbecillo
926 3218 1242 3285 ferentem
1273 3220 1525 3302 anim0,
1558 3222 1750 3287 simul
1781 3240 1997 3287 tamen
2030 3246 2067 3287 a
2091 3222 2254 3301 jocis
2288 3238 2357 3286 et
2386 3222 2701 3309 nequitiis

574 3324 789 3388 minus
807 3341 1292 3413 temperantem.
1321 3326 1647 3395 Barbaries
1672 3344 1739 3393 et
1763 3328 1984 3393 sordes
2006 3328 2155 3415 styli
2186 3328 2405 3393 nescio
2430 3349 2513 3391 an
2538 3328 2701 3391 satis

573 3451 758 3517 oeque
809 3430 1197 3495 Maximiano
1253 3430 1659 3512 objiciantur.
1718 3433 1887 3497 Vitia
1940 3434 2076 3513 ejus
2132 3433 2413 3497 sermoni
2466 3432 2703 3497 insunt

576 3533 778 3597 multa
810 3549 876 3598 et
905 3536 1114 3624 gravia
1137 3583 1155 3618 ‚
1191 3557 1332 3624 quae
1363 3552 1579 3601 tamen
1619 3539 1819 3602 aetatis
1856 3540 2107 3626 potius,
2143 3559 2271 3626 qua
2302 3537 2551 3601 vivebat
2574 3560 2701 3601 au-

643 3744 722 3811 (1)
755 3742 983 3795 Carmen
1007 3740 1318 3794 Maximiani
1347 3762 1493 3811 snper
1523 3758 1762 3797 senectute
1796 3756 2053 3797 memorat
2096 3744 2339 3797 Labbeus
2378 3743 2509 3797 Bibl.
2550 3764 2701 3801 nova

575 3829 696 3892 MS,
725 3846 843 3900 pag.
864 3828 950 3881 63.
991 3827 1317 3881 Fontaninus
1347 3828 1381 3882 l.
1426 3847 1474 3882 c.
1512 3848 1632 3901 pag.
1669 3831 1737 3895 48
1767 3830 1954 3893 refert,
1980 3828 2035 3883 in
2065 3829 2251 3885 codice
2276 3830 2533 3885 Urbinate
2561 3834 2703 3899 832,

577 3917 665 3969 fol.
697 3916 825 3980 133,
863 3914 1192 3969 bibliotheca!
1219 3915 1487 3970 Vaticana
1522 3928 1758 3989 prostare
1791 3916 1933 3971 hunc
1970 3918 2214 3973 titulum:
2256 3944 2278 3967 ι
2298 3918 2482 3972 Vetuli
2518 3918 2698 3973 Maxi-

573 4005 734 4059 miani
757 4004 826 4057 de
847 4002 1194 4057 incommodis
1220 4005 1499 4058 senectutis
1524 4006 1781 4062 libellus».

639 4094 718 4162 (a)
753 4090 895 4145 vide
925 4091 1216 4146 testimonia
1244 4090 1462 4165 Gyraldi
1481 4131 1497 4158 ,
1532 4094 1654 4149 Jani
1680 4095 1893 4161 Dousae,
1922 4094 2255 4149 Broukhusii.
