2964 4690
700 404 837 471 AD
886 350 1385 471 smposn
1418 371 2005 473 'AEN1GMATA.
2281 380 2415 501 307

286 550 431 595 rum
482 528 629 596 libri
682 530 1125 621 AEnigmatum
1166 524 1500 596 auctorem
1545 554 1682 597 esse
1725 534 2122 599 Lactantium
2140 581 2158 615 ,
2193 556 2418 601 verum

286 632 423 718 eihs
470 639 734 702 titulum
780 660 921 703 esse
950 639 1337 726 Symp‘o‘shem
1358 690 1375 722 ,
1422 661 1500 705 ex
1533 651 1742 729 eoque
1779 642 1848 705 in
1883 641 2136 705 barbari
2171 644 2286 707 aevi
2321 660 2419 708 te·-

286 744 503 807 nebris
552 760 797 807 temere
856 732 1143 813 effictum
1206 752 1343 811 esse
1396 754 1658 841 po'ctam
1711 748 2144 837 symposium.
2205 752 2421 839 Argu·-

288 864 537 930 menta,
574 850 816 937 quibus
848 848 917 914 id
955 849 1199 932 firmat,
1239 860 1512 939 quaeque
1543 854 1682 939 ip'se
1715 854 2084 917 summatim
2116 862 2152 931 ς
2177 856 2240 918 X
2267 864 2423 943 prae·

287 956 544 1019 fati'onis
579 956 818 1044 repetit
835 1004 853 1038 ,
891 952 1030 1021 haec
1070 956 1205 1020 fere
1240 965 1395 1021 s'unt
1415 972 1434 1020 ἐ
1474 960 1726 1023 Auctor
1765 951 2086 1047 Symposii
2131 959 2420 1024 secundo

285 1062 542 1153 Prologi
578 1084 773 1127 versu
788 1053 1168 1127 'luculenter
1204 1073 1498 1144 testatur,
1531 1054 2087 1128 adolescentulum
2125 1088 2194 1129 se
2225 1056 2420 1130 scho-

280 1168 575 1233 lasticum
621 1190 762 1233 esse
784 1218 802 1251 ‚
857 1169 1039 1258 quod
1084 1159 1298 1258 ipsum
1351 1156 1433 1234 de
1478 1170 1808 1235 lactantio
1857 1169 2150 1237 adfirmat
2183 1172 2418 1236 Hiero-

285 1292 541 1363 nymus.
602 1274 845 1340 Praeter
906 1262 1311 1341 Lactantium
1372 1296 1570 1340 nemo
1626 1277 1798 1340 inter
1855 1277 2086 1341 veteris
2141 1278 2419 1341 ecclesiae

284 1382 627 1469 scriptores
665 1387 1073 1447 ‘memoratur
1092 1431 1109 1463 ,
1158 1382 1271 1470 qui
1311 1382 1554 1446 librum
1591 1382 1914 1470 Symposii
1959 1363 2149 1447 titulo
2191 1384 2420 1447 inscri-

280 1498 469 1575 ptum
514 1486 811 1576 vulgarit.
866 1489 1013 1576 lpse
1060 1488 1381 1577 Prologus
1423 1486 1576 1551 libri
1613 1487 1865 1577 prodit,
1908 1490 2242 1553 auctorem
2277 1488 2418 1568 ejus

282 1592 595 1679 scriptum
626 1592 909 1659 voluisse
938 1592 1352 1682 symposium
1371 1643 1389 1674 ,
1432 1594 1827 1683 agitatasque
1858 1594 1928 1657 in
1967 1594 2265 1657 convivio
2302 1594 2418 1658 S'a-

284 1700 611 1765 turnalitio
664 1684 1161 1788 quaestiunculas
1206 1702 1338 1765 hoc
1382 1700 1602 1765 libello
1654 1702 1998 1790 complecti
2041 1700 2418 1793 adgressum

281 1826 433 1872 esse.
462 1805 539 1868 In
572 1804 797 1870 codice
820 1806 939 1871 MS
968 1828 1103 1894 quo
1130 1806 1419 1871 Pithoeus
1446 1824 1603 1870 usus
1629 1794 2011 1888 est,'auctor
2035 1806 2184 1871 libri
2212 1808 2420 1871 nostri

280 1911 655 1977 nominatur
693 1910 923 1979 Coelius
964 1913 1331 1976 Firmc‘anus
1367 1913 1730 2000 Symposius
1747 1960 1768 1992 ,
1821 1897 2104 1999 quorum
2148 1914 2414 1977 nomina

278 2018 490 2104 priora
519 2033 677 2081 sunt
706 2018 907 2105 ipsius
942 2016 1279 2083 Lactantii.
1318 2017 1621 2106 Denique
1654 2038 1808 2082 vero
1846 2038 1966 2081 nec
2003 2012 2209 2107 stylus
2236 2016 2416 2107 S‘ym-

276 2124 437 2211 posii
459 2124 793 2187 Lactantio
815 2123 1125 2213 indignus
1148 2140 1267 2206 est,
1285 2146 1408 2189 nec
1425 2125 1532 2188 vel
1553 2140 1723 2206 zetas,
1748 2124 1850 2188 vel
1867 2121 2042 2187 aliud
2057 2123 2418 2210 quidquam

277 2230 524 2310 obstat,
570 2230 922 2318 quominus
962 2230 1038 2303 ‘id
1078 2230 1484 2293 Lactantium
1530 2227 1770 2291 habere
1809 2228 2017 2316 possit
2053 2246 2412 2293 auctorem.

276 2334 559 2400 Muitum
635 2322 1063 2399 Heumannus
1089 2384 1107 2416 ,
1165 2334 1281 2397 vir'
1316 2334 1591 2397 omnino
1645 2333 1996 2398 acutissimi
2051 2329 2297 2424 ingenii
2349 2351 2416 2399 et

276 2441 675 2530 amplissimae
722 2439 1103 2505 eruditionis
1122 2488 1141 2522 ‚
1182 2441 1283 2504 his
1316 2441 1728 2528 ‘argumentis
1767 2439 2052 2504 confisus
2072 2488 2090 2522 ,
2137 2440 2268 2505 hoc
2314 2442 2416 2504 in·

274 2555 467 2610 vento
504 2547 787 2611 literario
824 2547 1076 2635 gavisus
1115 2561 1247 2622 est,
1288 2545 1582 2633 viditque
1615 2537 1804 2609 initio
1839 2546 2078 2609 multos
2115 2545 2412 2610 doctrina

276 2670 339 2719 et
362 2653 748 2718 auctoritate
776 2668 1149 2741 praestantes
1180 2651 1353 2716 viros
1386 2675 1570 2716 suam
1599 2652 1668 2714 in
1699 2653 2086 2715 sententiam
2120 2653 2411 2715 certatim

276 2760 397 2842 ire,
422 2781 713 2848 quorum
736 2757 876 2845 ipse
904 2757 1257 2838 nonnullos
1286 2758 1353 2836 jn
1383 2755 1566 2834 Praef.
1597 2755 1688 2824 ad
1707 2755 1928 2844 Symp.
1948 2761 1990 2835 S
2013 2757 2109 2824 XI
2125 2805 2142 2838 ,
2173 2777 2412 2842 nempe

274 2865 527 2931 Theod.
560 2865 861 2930 Hasaeum
883 2911 902 2944 ,
935 2865 1035 2928 Jo.
1063 2863 1361 2950 Theoph.
1394 2855 1748 2928 Krausium
1787 2877 1854 2926 et
1879 2863 1978 2925 Jo.
2014 2861 2246 2926 Matthz
2277 2860 2410 2925 Ge·

272 2994 537 3037 snerum
559 3020 578 3052 ,
612 2971 830 3058 plures
862 2969 1020 3033 alios
1061 2970 1130 3032 in
1174 2969 1439 3032 Poeciles
1476 2985 1636 3032 tom.
1671 2968 1800 3047 ΙΙΙ,
1837 2966 1947 3032 lib.
1979 2967 2077 3049 11,
2107 2989 2249 3056 pag.
2279 2965 2406 3030 215

272 3099 399 3166 seq.
428 3057 729 3140 nominat
749 3075 865 3164 (1).
888 3078 1104 3163 Atque
1126 3073 1234 3138 hic
1255 3095 1611 3138 consensus
1639 3095 1718 3136 eo
1741 3073 1942 3137 valuit
1958 3121 1976 3155 ,
2003 3089 2078 3137 ut
2102 3071 2406 3162 deinceps

272 3183 637 3274 AEnigmata
654 3181 761 3244 illa
776 3230 795 3262 ‚
814 3181 1007 3246 titulo
1031 3179 1353 3268 Symposii
1374 3179 1824 3260 Lactantiani‚‚
1839 3179 2009 3242 inter
2029 3177 2166 3267 ipsa
2193 3179 2406 3266 Opera

270 3289 583 3354 Lactantii
616 3309 823 3375 quum
868 3285 949 3352 ab
992 3285 1273 3351 historiae
1312 3282 1604 3352 literariae
1639 3301 1708 3350 et
1744 3284 2182 3356 ecclesiasticae
2218 3307 2406 3348 enar-

268 3395 593 3460 tatoribus
618 3392 1041 3480 quibusdam,
1074 3407 1215 3454 tum
1240 3391 1323 3454 ab
1352 3389 1712 3454 editoribus
1735 3391 2024 3477 Operum
2051 3390 2362 3454 Lactantii
2379 3438 2398 3468 ,

268 3503 383 3589 qui
406 3515 562 3589 post
588 3496 1055 3564 Heumannum
1092 3499 1477 3563 exstiterunt
1494 3545 1514 3578 ,
1545 3497 1960 3561 referrentur.
1989 3494 2222 3583 Neque
2248 3514 2404 3559 vero

270 3605 697 3670 Heumannus
744 3603 1072 3693 opinionis
1122 3627 1253 3668 suae
1298 3597 1692 3668 adversarios
1744 3625 1862 3666 nec
1911 3597 2233 3682 minores,
2281 3625 2402 3664 nec

268 3714 607 3802 pauciores
641 3728 944 3802 expertus
977 3728 1093 3776 est.
1132 3711 1209 3776 In
1245 3709 1485 3800 quibus
1533 3711 1746 3800 primo
1780 3711 1923 3774 loco
1963 3707 2401 3794 nominandus

268 3821 501 3884 merito
552 3835 655 3884 est
703 3819 801 3882 Jo.
852 3817 995 3882 Alb.
1050 3816 1383 3890 Fabricius
1403 3863 1422 3896 ‚
1476 3817 1590 3903 qui
1643 3831 1988 3903 postquam
2035 3814 2400 3886 dissensum

338 4053 416 4121 (1)
450 4053 799 4104 Accesserant
822 4047 905 4102 his
940 4047 1189 4120 deinceps
1222 4047 1604 4118 Schoettgenius
1634 4045 1687 4098 in
1717 4043 1921 4098 Fabric.
1947 4043 2082 4095 Bibl.
2113 4040 2254 4094 Med.
2285 4041 2400 4090 Lat.

266 4151 399 4191 tom.
420 4139 533 4202 vl,
563 4159 620 4209 p.
648 4139 775 4202 608,
803 4131 1179 4208 et'Christoph.
1216 4137 1399 4189 Saxius
1436 4136 1490 4187 in
1527 4127 1796 4187 Onomast.
1826 4130 1900 4186 lit.
1929 4143 2056 4184 tom.
2083 4131 2110 4181 1
2133 4169 2148 4194 ,
2177 4145 2228 4200 p.
2253 4126 2370 4180 388.

2000 4243 2112 4288 20.
