2964 4690
507 347 632 418 182
897 348 1320 417 SPERATI
1383 349 1637 416 PHIL.
1688 349 1991 416 SYMP.
2047 349 2226 420 [ΕΝ.

493 481 600 546 lat.
637 496 703 544 et
735 500 936 569 germ.
965 481 1248 560 Bremae,
1291 477 1452 567 1695
1473 527 1493 560 ,
1537 479 1713 560 in-A,
1746 503 1801 542 c.
1837 482 1882 545 f.
1916 482 2239 546 caeterum
2278 478 2362 544 ad
2393 482 2638 547 consti·

497 585 770 652 tuendas
797 607 1032 652 vocum
1055 634 1073 667 ,
1099 602 1324 650 nostro
1359 586 1426 650 in
1459 586 1749 650 carmine
1778 586 2263 652 occurrentium
2279 633 2299 669 ,
2329 586 2640 652 lectiones

497 691 702 758 multa
735 713 840 756 me
865 694 1088 772 fateor,
1121 691 1324 760 immo
1356 691 1633 780 plurima
1652 739 1671 773 ,
1706 713 1744 756 e
1775 690 1945 756 Petr.
1977 692 2335 758 Burmanni
2366 691 2639 760 adnota-

497 799 676 864 tione
710 797 1020 862 hausisse.

586 905 752 988 Quae
797 919 1032 991 quarto
1078 905 1225 968 loco
1271 903 1591 991 sequitur,
1638 902 1857 993 Elegia
1904 903 2197 970 similiter
2224 903 2509 993 'quidem
2558 905 2643 970 de

499 1009 856 1075 Philomela
895 1011 1296 1093 inscribitur,
1341 1009 1456 1076 sed
1493 1009 1788 1076 dissimili
1818 1025 2205 1100 argumento
2236 1027 2353 1076 est.
2387 1011 2641 1101 Nempe

495 1117 702 1182 solam
736 1116 1026 1182 lusciniae
1045 1166 1064 1194 ,
1097 1116 1370 1206 ejusque
1409 1131 1639 1182 cantus
1673 1133 1740 1182 et
1776 1118 1975 1183 moris
2010 1115 2509 1206 descriptionem
2537 1119 2641 1184 vel

499 1223 757 1289 laudem
817 1224 1129 1289 continet.
1191 1221 1411 1288 Edidit
1469 1245 1611 1288 eam
1670 1222 1961 1290 Pithoeus
2014 1224 2085 1288 in
2148 1223 2597 1290 praetermissis
2619 1273 2639 1301 ‚

497 1353 642 1420 pag.
675 1329 802 1408 485
837 1328 993 1395 edit.
1023 1329 1222 1394 Paris.
1259 1345 1324 1394 et
1353 1349 1499 1420 pag.
1524 1329 1655 1416 607
1690 1327 1845 1396 edit.
1870 1329 2079 1418 Lugd.
2112 1346 2262 1418 post
2290 1351 2444 1396 eum
2478 1327 2643 1394 Gol-

498 1436 721 1500 dastus
771 1435 837 1498 in
886 1434 1162 1498 Eroticis
1211 1451 1278 1498 et
1325 1438 1613 1498 Amator.
1664 1457 1889 1522 opusc.
1934 1457 2078 1524 pag.
2129 1437 2255 1521 743
2292 1433 2643 1504 novissime

500 1540 571 1604 P.
603 1543 956 1605 Burmann.
993 1535 1259 1603 Anthol.
1294 1539 1431 1602 Lat.
1486 1537 1597 1602 lib.
1630 1537 1711 1620 V,
1769 1559 1951 1601 num.
1996 1540 2157 1624 149,
2202 1539 2316 1627 qui
2350 1537 2645 1606 Goldasti

499 1645 849 1710 editionem
895 1644 1236 1736 ignoravit.
1289 1643 1388 1708 De
1423 1667 1505 1708 eo
1552 1644 1841 1710 carmine
1878 1641 2228 1710 Goldastus
2268 1645 2341 1708 in
2386 1645 2640 1712 Praefat.

497 1783 523 1808 κ
549 1752 760 1832 Hujus
792 1767 1076 1839 quatuor
1108 1750 1307 1814 habui
1341 1751 1579 1841 scripta
1612 1751 1999 1838 exemplaria
2026 1774 2043 1816 :
2072 1751 2209 1816 duo
2236 1773 2315 1816 ex
2340 1751 2645 1820 illustris-

499 1859 668 1922 simo
715 1859 780 1920 S.
821 1857 982 1922 Galli
1021 1855 1196 1946 apud
1243 1857 1571 1923 Helvetios
1616 1857 2048 1939 Monasterio,
2106 1857 2371 1922 tertium
2414 1879 2493 1922 ex
2535 1857 2643 1922 bi-

500 1965 825 2030 bliotheca
875 1964 1326 2028 Bartholontoei
1373 1963 1799 2054 schobingeri
1846 1965 1953 2028 JC.
2012 1978 2317 2051 quartum
2364 1987 2401 2027 a
2444 1963 2645 2030 Petro

499 2075 862 2138 Roveriano
882 2122 901 2155 ,
960 2072 1366 2163 typographo
1432 2071 1815 2137 Genevensi.
1876 2073 2029 2136 Tria
2084 2089 2267 2137 erant
2310 2083 2645 2153 ἀνεπίγραφα.-

499 2181 677 2243 solus
725 2177 1241 2268 sanctigallensis
1287 2177 1527 2260 codex,
1570 2178 1637 2242 in
1672 2201 1809 2266 quo
1850 2177 2228 2261 Claudiani,
2261 2179 2601 2242 Fortunati
2622 2227 2647 2259 ,

501 2284 757 2349 Paulini
787 2301 854 2351 et
884 2284 1222 2351 walafridi
1251 2284 1547 2375 quaedam
1575 2299 1908 2375 poemata,
1935 2282 2390 2366 hujuscemodi
2416 2305 2652 2372 reprae-

503 2408 714 2455 sentat
741 2392 1032 2456 titulum:
1065 2392 1292 2457 Versus
1309 2392 1707 2481 JuliSpemti
1728 2390 1811 2456 de
1829 2391 2211 2472 Philomela,
2238 2390 2423 2473 cujus
2445 2390 2645 2455 etiam

505 2498 890 2587 scripturam
911 2514 976 2561 et
988 2512 1384 2562 structuram
1399 2519 1705 2563 versuum
1719 2520 1837 2587 per
1858 2498 2079 2562 omnia
2093 2496 2354 2585 sequuti
2368 2517 2649 2561 sumus».

505 2602 855 2668 Goldastus
911 2620 1126 2668 tamen
1175 2605 1241 2667 in
1286 2605 1422 2692 ipsa
1467 2603 1889 2692 inscriptione
1928 2605 2163 2695 Elegiae
2196 2603 2453 2668 nomini
2487 2600 2659 2667 Iulii

505 2710 752 2798 Speraci
782 2709 994 2773 literas
1027 2711 1104 2773 V.
1141 2712 1214 2773 C.
1245 2707 1592 2796 adposuit,
1632 2708 1811 2797 quod
1846 2710 2065 2775 nescio
2096 2732 2225 2798 qua
2259 2706 2659 2774 auctoritate

505 2816 642 2879 fieri
693 2814 1020 2903 potuerit,
1065 2815 1117 2878 si
1163 2811 1368 2879 codex
1419 2815 1558 2904 ipse
1605 2838 1740 2880 non
1794 2814 2124 2882 indicavit.
2164 2816 2242 2880 In
2280 2812 2505 2879 codice
2535 2812 2653 2876 Bi-

505 2921 844 2986 bliothecae
869 2918 1197 2985 Leidensis
1229 2920 1495 2999 titulum
1528 2941 1668 2987 esse
1698 2923 2111 2987 Burmannus
2144 2921 2382 2987 refert:
2418 2918 2655 3007 lna-150&

513 3049 724 3091 versus
767 3027 845 3089 de
888 3024 1219 3091 Filomela.
1267 3024 1432 3091 Mihi
1484 3027 1695 3115 aptius
1740 3028 1955 3091 visum
2002 3043 2101 3093 est
2150 3028 2502 3093 inscribere
2544 3024 2657 3089 De

511 3132 699 3197 laude
728 3131 1115 3196 Philomelae.
1157 3130 1338 3195 ldem
1377 3134 1789 3198 Burmannus
1816 3132 2150 3198 adnotavit
2170 3182 2187 3217 ,
2220 3156 2477 3199 carmen
2512 3131 2659 3198 hoc

511 3238 731 3302 multis
771 3240 840 3303 in
876 3238 1036 3321 locis
1071 3238 1394 3302 imitatum
1422 3260 1562 3302 esse
1590 3240 1894 3305 Alvarum
1933 3238 2462 3320 cordubensem,
2496 3260 2655 3302 mo·

515 3344 798 3409 nachum
831 3346 1046 3411 saeculi
1083 3346 1282 3429 noni,
1323 3347 1390 3409 in
1426 3344 1685 3410 duobus
1712 3346 1795 3411 de
1826 3346 2181 3413 Philomela
2212 3345 2612 3410 carminibus
2631 3396 2655 3429 ,

515 3448 630 3514 sed
687 3452 1032 3536 mutilatis,
1088 3476 1233 3542 quae
1286 3468 1542 3518 exstant
1579 3452 1748 3545 inter
1790 3452 1927 3532 ejus
1974 3452 2191 3540 Opera
2230 3452 2299 3515 in
2344 3466 2503 3514 tom.
2544 3452 2655 3515 xl

511 3557 836 3644 Hispaniae
875 3560 1078 3623 Sacrae
1123 3561 1388 3624 Henrici
1425 3560 1699 3625 Florezii
1721 3610 1739 3643 ,
1777 3582 1917 3649 pag.
1956 3556 2081 3648 275
2116 3574 2181 3623 et
2216 3558 2364 3645 276.
2396 3558 2489 3621 Ex
2522 3556 2659 3621 hac

513 3660 874 3725 imitatione
913 3663 1126 3727 Alvari
1171 3665 1433 3756 colligas
1453 3716 1471 3749 ,
1522 3681 1855 3730 auctorem
1898 3665 2103 3729 nostri
2149 3661 2447 3729 carminis
2490 3660 2657 3726 satis

509 3767 853 3854 antiquum
888 3790 1042 3831 esse.

603 3872 855 3956 Quinto
888 3874 1084 3955 hujus
1129 3877 1341 3942 classis
1375 3878 1521 3942 loco
1567 3900 1809 3966 ponere
1854 3876 2093 3965 placuit
2134 3874 2317 3939 Caelii
2340 3873 2667 3961 Symposii

515 3984 912 4069 AEm‘gmata.
957 3984 1182 4065 Quum
1221 4004 1434 4050 autem
1471 3987 1657 4075 plura
1696 3986 1858 4065 sint,
1894 4006 2039 4072 quae
2074 3982 2158 4047 de
2195 3997 2457 4047 auctore
2488 3980 2609 4044 illo
2637 4032 2658 4059 ,

513 4101 652 4151 tum
689 4087 825 4168 ejus
859 4092 1139 4154 carmine
1173 4096 1322 4156 novi
1354 4094 1603 4179 generis
1638 4089 1961 4155 monenda
1994 4106 2181 4171 sunt,
2220 4088 2415 4153 satius
2444 4104 2659 4177 puto,
