2964 4690
952 85 1738 217 AUSONIUS

1302 327 1391 381 IN

292 539 629 665 CEN
638 539 867 661 TO
883 540 999 665 N
1010 540 1260 661 EM
1346 540 2402 665 NUPTIALEM.

836 1007 1293 1080 AUSONIUS
1339 1008 1740 1081 PAULLO*
1791 1012 1856 1079 S.

283 1178 649 1297 Paneas
680 1225 821 1297 hoc
857 1228 1070 1298 etiam
1091 1280 1110 1315 ‚
1144 1228 1204 1298 si
1231 1249 1467 1325 operae
1495 1240 1633 1311 est,
1669 1224 2007 1298 frivolum
2041 1241 2115 1299 et
2139 1226 2411 1298 nullius

280 1351 494 1448 pretii
526 1349 957 1450 opusculum
986 1404 1005 1438 ,
1037 1349 1243 1449 quod
1287 1375 1422 1423 nec
1457 1349 1667 1423 labor
1704 1349 2026 1440 excudit,
2062 1375 2200 1423 nec
2238 1375 2415 1422 cura

283 1472 588 1564 limavit3
619 1476 774 1547 sine
823 1476 1098 1575 ingenii
1146 1476 1476 1575 acumine
1497 1531 1519 1564 ,
1574 1489 1648 1548 et
1697 1495 1914 1548 morae
1974 1475 2406 1547 maturitate.

285 1601 675 1671 Centonem
696 1612 959 1670 vocant
976 1597 1116 1694 (ι),
1155 1601 1283 1697 qui
1310 1600 1525 1697 primi
1558 1598 1691 1671 hac
1722 1600 2276 1672 concinnatione
2302 1598 2408 1693 (2)

350 1829 376 1853 ‘
409 1826 683 1892 Paullum,
710 1830 866 1900 cujus
893 1827 1096 1880 nouiini
1115 1826 1301 1880 inscri-

283 1904 427 1958 bitur
459 1904 574 1957 hnc
603 1904 843 1976 Epistola
860 1946 877 1971 ,
905 1903 1151 1958 eumdem
1189 1920 1301 1957 esse

283 1984 358 2036 nil
396 1982 583 2036 dubito
616 2000 741 2035 cum
772 1983 904 2036 Axio
944 1983 1131 2035 Paullo
1166 1982 1303 2034 Rhe·

284 2074 397 2114 tore
457 2079 521 2114 sc
584 2060 742 2113 Poeta
797 2060 1121 2132 Bigerritsno
1147 2096 1162 2122 ,
1215 2058 1302 2112 cui

282 2141 457 2212 plum
481 2138 747 2192 Ausonius
768 2139 1029 2211 inscripsit
1047 2138 1304 2210 Epistulas

285 2237 404 2290 quo
449 2229 758 2290 supersunt,
808 2229 966 2291 atque
1016 2235 1124 2270 una
1173 2234 1308 2270 serie

286 2297 532 2352 videntur
558 2314 776 2352 excuse.

354 2378 435 2446 (ι)
459 2380 720 2430 &usonem
740 2392 944 2434 vocant
964 2376 1134 2431 Cento
1156 2376 1304 2430 Gro-

285 2457 361 2510 cis
377 2457 613 2527 Κέντρον,
638 2454 783 2509 unde
807 2455 1079 2509 derivatur
1100 2456 1306 2528 abjecto

289 2555 314 2606 ρ
334 2576 351 2600 ,
377 2546 439 2587 ut
462 2534 530 2588 ab
552 2529 720 2606 ἄρθρον
750 2533 811 2588 fit
837 2545 1003 2588 artus.
1035 2535 1120 2588 sic
1144 2533 1307 2586 etiam

288 2615 544 2685 κίντρυνα,
556 2631 723 2686 quum
742 2614 957 2686 proprie
969 2612 1214 2678 sumitur,
1231 2611 1306 2665 ita

288 2693 463 2747 vocari
485 2692 608 2764 quis
635 2699 1073 2763 παρακενωῦνται,
1092 2691 1197 2743 hoc
1213 2702 1309 2758 est,

289 2783 619 2826 consuuntur
667 2771 1067 2825 diversicolores
1107 2769 1306 2841 panni,

290 2863 349 2903 ut
384 2852 440 2906 in
480 2851 713 2905 vestibus
750 2863 802 2904 et
837 2849 1083 2921 stragulis
1117 2866 1311 2921 paupe·

289 2931 507 2984 riorum.
565 2931 633 2981 At
676 2948 843 3002 quum
890 2928 1203 2982 transfertur
1240 2926 1310 2980 ad

288 3008 547 3080 poematis
566 3025 728 3078 genus
742 3049 758 3074 ,
792 3009 867 3062 sic
884 3005 1160 3079 adpellari,
1188 3007 1311 3078 quis

291 3086 359 3140 ad
377 3085 781 3140 similitudinem
799 3086 1035 3140 centonis
1053 3104 1115 3139 ex
1141 3085 1315 3139 diver-

292 3168 361 3221 sis
386 3166 625 3220 versibus
651 3164 777 3218 hinc
801 3176 963 3237 atque
991 3163 1117 3217 inde
1143 3181 1315 3218 accer-

292 3244 404 3298 sitis
424 3256 727 3298 consuatur.
750 3246 818 3296 At
840 3243 985 3316 apud
1006 3243 1319 3297 Grammati-

294 3342 412 3385 cos,
459 3322 531 3374 eit
574 3320 811 3376 Isidorus
829 3362 845 3387 ,
885 3323 1068 3395 Origg.
1108 3323 1203 3374 lib.
1248 3323 1275 3373 1
1299 3362 1314 3387 ,

294 3421 411 3473 cap.
436 3402 536 3455 38:
574 3425 595 3447 ι
618 3402 878 3454 Centones
909 3400 1087 3454 vocari
1114 3401 1282 3453 solent
1300 3437 1316 3464 ,

295 3480 388 3552 qui
412 3479 481 3533 de
504 3479 828 3533 carminibus
853 3479 1073 3534 Homeri
1099 3480 1182 3532 vel
1197 3479 1317 3533 Vir·

296 3558 412 3631 gilii
446 3558 513 3612 ad
544 3558 756 3631 propria
782 3576 972 3631 opera,
1010 3577 1157 3612 more
1192 3577 1313 3612 cen·

1387 1824 1626 1891 tonario,
1656 1844 1720 1879 ex
1743 1824 1920 1879 multis
1947 1823 2074 1879 hinc
2105 1823 2231 1878 inde
2261 1841 2408 1878 com·

1385 1904 1572 1977 positis
1590 1906 1648 1957 in
1672 1923 1838 1959 unum
1858 1906 2161 1959 sarciuntur
2180 1923 2372 1977 corpus
2393 1945 2409 1970 ,

1388 1981 1459 2036 ad
1489 1982 1787 2037 facultatem
1814 1985 2068 2057 cujusque
2101 1984 2337 2037 materia
2362 2009 2407 2035 ι.

1460 2063 1538 2130 (a)
1576 2065 1674 2130 Qui
1706 2064 1860 2130 prims*
1899 2066 1995 2115 hac
2034 2064 2413 2114 concinnatione

1392 2145 1628 2193 luserunt.
1655 2141 1885 2208 Quinam
1906 2140 2101 2195 fuerint
2121 2140 2278 2212 primi
2304 2140 2418 2205 illi,
2446 2152 2454 2170 '

1394 2238 1503 2272 non
1555 2217 1702 2272 dicit.
1759 2220 2003 2273 Meminit
2057 2217 2411 2291 quorumdam

1393 2296 1751 2352 Tertullianus
1783 2299 1874 2353 lib.
1907 2298 1976 2353 de
2010 2298 2414 2370 prescriptioni-

1392 2376 1522 2442 bus,
1547 2395 1662 2449 cap.
1689 2378 1756 2446 39
1780 2397 1794 2431 :
1835 2403 1859 2424 ι
1878 2377 1976 2430 Vis
2005 2376 2188 2440 hodie,
2216 2377 2414 2448 inquit,

1394 2455 1649 2520 fabulam,
1668 2456 1726 2509 in
1749 2466 1917 2509 totum
1943 2453 2124 2523 sliam,
2142 2455 2417 2526 componi,

1392 2533 1611 2588 materis
1637 2533 1927 2588 secundum
1947 2553 2127 2588 versus
2143 2573 2159 2600 ,
2180 2534 2418 2586 vasibus

1394 2612 1687 2667 secundum
1743 2614 1989 2669 materias
2046 2613 2374 2668 concinnatis
2396 2613 2420 2665 ἓ

1395 2693 1638 2764 Denique
1669 2692 1826 2746 Ovid.
1853 2691 1988 2746 Geta
2027 2690 2273 2745 Medeam
2310 2705 2419 2745 tra·

1398 2769 1621 2841 godium
1653 2788 1718 2823 ex
1736 2770 1963 2843 Virgilio
1997 2770 2299 2844 plenissime
2333 2790 2421 2825 ex·

1396 2849 1602 2920 pressit.
1640 2848 1792 2903 Meus
1821 2848 2039 2921 quidam
2065 2849 2421 2925 propinquus,

1399 2947 1463 2982 ex
1488 2926 1674 2981 eodem
1699 2940 1856 3000 poeta
1876 2969 1892 2994 ,
1926 2927 2062 2981 inter
2087 2940 2272 2981 catera
2299 2928 2425 3001 styli

1399 3007 1484 3061 sui
1525 3008 1630 3060 otia
1649 3046 1666 3073 ,
1721 3007 1962 3080 pinacem
2009 3007 2217 3060 Cebetis
2263 3008 2421 3080 expli-

1401 3088 1541 3152 cuit,
1582 3101 1686 3141 etc.
1709 3112 1735 3132 ι·
1802 3088 2025 3141 Exstant
2072 3084 2318 3141 Eudocioe
2368 3099 2423 3139 et

1402 3165 1591 3219 Probae
1611 3166 1870 3219 Falconiae
1889 3178 2137 3219 centones
2151 3165 2429 3237 Virgilinni

1402 3244 1470 3297 de
1509 3246 1692 3298 Veteri
1745 3258 1798 3297 et
1850 3245 2002 3298 Novo
2044 3245 2381 3297 Testamenta
2404 3283 2419 3307 ,

1403 3334 1521 3392 post
1558 3324 1777 3376 Ausonii
1795 3335 1800 3342 ·
1819 3334 2053 3396 tempora
2100 3322 2284 3395 scripti
2306 3362 2322 3388 ,
2373 3333 2426 3373 et

1403 3400 1773 3472 elegantissimi
1812 3403 2120 3457 recentioris
2155 3400 2424 3474 scriptoris

1403 3479 1546 3533 Laui
1565 3481 1809 3555 Capilupi
1833 3483 1992 3536 variis
2013 3481 2081 3534 de
2096 3481 2271 3535 rebus.
2282 3480 2426 3533 Ten-

1402 3559 1531 3613 tavit
1555 3577 1768 3634 quoque
1786 3560 2026 3615 Heinsius
2049 3560 2103 3613 id
2122 3577 2286 3631 genus
2304 3575 2426 3633 poe-
