2964 4690
516 319 610 392 80

1234 321 1899 392 COLUMELLA

611 440 878 512 Profuit
913 440 1250 512 interdum
1285 441 1725 514 medicantem
1768 444 2019 514 semina
2057 443 2293 538 pingui

613 550 906 623 Palladia
947 553 1089 624 sine
1129 551 1322 646 fruge
1357 552 1512 623 salis
1554 579 1993 650 conspergere
2026 577 2329 639 amurca,

610 666 932 732 Innatave
963 660 1121 731 laris
1155 662 1350 757 nigra
1383 665 1623 732 satiare
1658 663 1909 734 favilla.

611 771 876 843 Profuit
917 787 986 842 et
1033 769 1279 866 plantis
1315 771 1541 844 latices
1581 773 1937 844 infundere
1968 797 2229 844 amaros

2572 794 2649 834 3⁵5

609 881 986 969 Marrubii,
1023 880 1372 976 multoque
1413 883 1555 952 sedi
1596 885 1987 978 contingere
2014 907 2241 953 succo.

611 993 704 1062 At
733 992 789 1060 si
825 988 1010 1060 nulla
1043 988 1215 1061 valet
1249 991 1578 1063 medicina
1620 992 1939 1088 repellere
1983 1007 2233 1088 pestem
2254 1044 2275 1078 ‚

609 1100 968 1172 Dardaniae
1003 1101 1275 1172 veniant
1307 1118 1516 1191 arteS,
1552 1103 1935 1199 nudataque
1976 1101 2237 1198 plantas

589 1327 709 1382 352.
723 1326 829 1379 Pro
849 1329 1057 1390 semina,
1075 1331 1369 1399 sanguinem
1387 1331 1540 1384 Dem.

518 1405 612 1460 sed
631 1425 677 1458 m
693 1406 908 1479 punctis
924 1418 1189 1474 notatum,
1204 1421 1266 1462 ut
1274 1407 1539 1463 vitiosum.

590 1483 708 1538 353.
755 1488 1095 1555 conspargere
1117 1487 1178 1537 D.
1209 1513 1276 1527 —
1303 1491 1541 1540 Palladia

516 1583 843 1634 conspergere
863 1583 1087 1618 arnurca.
1124 1565 1374 1637 Sequitur
1410 1566 1538 1618 Vir·

517 1643 729 1714 gilium,
754 1643 850 1714 qui
891 1640 1035 1695 idem
1074 1644 1314 1715 praecipit
1340 1645 1533 1716 Georg.

517 1721 578 1788 Ι,
621 1720 719 1790 193
765 1739 875 1792 seq.
924 1729 1145 1773 Amarea
1179 1722 1537 1777 sedimentum

516 1799 619 1853 olei
671 1810 776 1863 est,
823 1817 941 1872 qua
978 1803 1210 1853 Palladia
1249 1820 1277 1853 a
1325 1801 1539 1854 Pallade

519 1877 648 1932 oleo
673 1876 975 1932 inventrice.
1001 1880 1234 1932 Amarea
1256 1881 1363 1931 sine
1375 1881 1539 1949 fruge

518 1961 658 2024 salis,
686 1957 883 2010 insulsa
904 1997 920 2023 ‚
967 1975 1132 2030 quam
1193 1973 1432 2010 recentem
1479 1959 1537 2010 in

517 2038 638 2109 pari
647 2036 1006 2109 preceptione
1019 2048 1173 2090 vocat
1182 2035 1468 2104 Palladius,
1486 2035 1537 2100 1,

519 2117 610 2185 35,
639 2136 666 2171 a
699 2135 759 2170 ε·
786 2117 982 2169 Contra
1007 2116 1200 2170 culices
1223 2129 1275 2170 et
1293 2116 1537 2177 limaces,

524 2195 610 2251 vel
639 2213 912 2249 amurcam
930 2207 1194 2248 recentem
1209 2235 1226 2261 ‚
1253 2194 1340 2248 vel
1365 2213 1430 2249 ex
1451 2213 1535 2247 ca-

519 2273 681 2328 meris
700 2273 980 2344 fuliginem
1001 2274 1298 2347 spargimus
1316 2299 1356 2328 a.
1372 2276 1394 2344 (
1411 2275 1535 2340 Quo

517 2356 572 2408 in
600 2355 719 2407 loco
747 2370 921 2406 contra
942 2357 1132 2422 pulices
1145 2395 1161 2421 ,
1195 2372 1293 2425 pro
1319 2359 1497 2406 culices
1517 2392 1534 2419 ‚

522 2432 811 2505 legendum
857 2432 1089 2495 videtur,
1129 2451 1196 2486 ex
1239 2434 1419 2487 Nostri
1455 2452 1533 2486 vs.

521 2512 619 2565 321
647 2522 700 2565 et
718 2512 867 2580 324.)
891 2510 1119 2575 Plinius,
1143 2510 1278 2565 nist.
1301 2512 1420 2565 Nat.
1439 2512 1533 2565 lib.

517 2590 740 2657 XVIII,
785 2592 868 2657 18,
897 2610 937 2645 s.
965 2590 1050 2657 45,
1075 2610 1256 2659 puram
1280 2610 1535 2643 amurcam

519 2681 673 2725 vocat
701 2686 715 2722 :
749 2668 840 2723 «si
879 2668 1110 2722 dulcedo
1147 2668 1304 2739 (soli,
1333 2688 1536 2723 vermes

514 2751 812 2822 generans)
835 2759 1050 2812 noceat,
1073 2762 1128 2803 et
1161 2768 1365 2802 vermes
1387 2747 1535 2803 radi·

517 2829 668 2883 cibus
718 2826 1008 2880 inhereant
1027 2863 1044 2890 ,
1087 2826 1382 2891 remedium
1427 2838 1535 2893 est,

515 2926 732 2961 amurca
761 2923 898 2978 pura
923 2924 987 2959 ac
1013 2905 1124 2959 sine
1141 2904 1250 2959 sale
1270 2924 1538 2978 spargere,

520 2984 714 3039 deinde
736 2986 942 3039 sarrire.

595 3064 713 3125 354.
742 3069 978 3116 Innatam
1019 3067 1109 3113 vel
1147 3061 1204 3115 P.
1259 3066 1434 3115 innata
1471 3084 1541 3117 ve

519 3142 681 3195 divis.
703 3142 894 3195 J.B.R.
918 3146 984 3193 Ee
999 3154 1122 3193 nata
1148 3144 1200 3192 in
1223 3146 1429 3194 carueris
1459 3144 1541 3195 vir

523 3220 664 3274 doct.
680 3240 781 3293 pro
808 3224 927 3272 laris
950 3224 1051 3272 aris
1079 3220 1139 3272 P.
1167 3224 1296 3272 aeris
1319 3222 1368 3275 J.
1395 3221 1454 3272 B.
1474 3223 1539 3273 R.

523 3334 591 3343 —
614 3306 856 3352 Innatave
872 3304 1011 3355 laris.
1038 3299 1185 3367 Quid
1225 3300 1268 3353 si
1293 3304 1390 3353 lari
1405 3301 1544 3373 lega·

526 3396 664 3442 mus,
709 3390 762 3431 et
801 3378 1152 3453 intelligamus
1197 3380 1374 3433 focum
1393 3417 1410 3443 ,
1452 3380 1542 3433 cui

525 3455 813 3510 innascitur
855 3456 965 3510 sive
1007 3457 1315 3511 adhoerescit
1353 3458 1543 3512 favilla.

527 3534 730 3591 Pallad.
788 3535 826 3588 l.
871 3554 919 3588 c.
964 3536 1330 3591 commentarii
1376 3538 1546 3591 vicem

528 3625 765 3688 prestat,
786 3632 954 3686 quum
970 3614 1209 3668 nominat
1244 3637 1312 3668 ex
1341 3620 1548 3669 cameris

515 3695 799 3763 ficliginem.
829 3692 1037 3745 Clarius
1061 3690 1171 3763 ipse
1198 3694 1404 3757 Noster,
1429 3694 1513 3748 XI
1530 3732 1548 3757 ‚

534 3772 582 3831 3,
608 3774 676 3825 60
704 3789 720 3824 t
749 3796 772 3817 ι
801 3770 1007 3843 pulvis,
1047 3769 1141 3842 qui
1168 3790 1329 3845 supra
1372 3792 1546 3827 came-

531 3868 646 3903 ram
681 3848 967 3915 invenitur,
1010 3847 1095 3902 vel
1147 3850 1304 3903 etiam
1344 3852 1545 3923 fuligo,

531 3946 650 4001 qun
687 3946 849 4000 supra
889 3926 1034 3981 focos
1064 3928 1216 3983 tectis
1255 3929 1473 3984 inheret
1502 3957 1547 3984 a.

1626 1327 1945 1383 editionibus
2014 1328 2141 1400 legit
2194 1331 2434 1378 Innataue
2496 1328 2608 1378 ceris
2622 1363 2643 1390 ,

1626 1409 1911 1482 eruginem
1962 1406 2155 1461 dictam
2198 1417 2345 1478 putat
2375 1423 2475 1478 pro
2518 1405 2645 1458 fuli-

1659 1506 1763 1540 ine.

1624 1506 1659 1559 g
1698 1566 1819 1620 356.
1838 1568 2093 1618 Marrubii.
2113 1561 2447 1618 Mai-rubium
2468 1561 2643 1616 Greci

1624 1644 1836 1717 prasion
1864 1656 2055 1698 vocant
2072 1684 2088 1709 ,
2102 1644 2519 1715 interpretantur
2533 1647 2646 1694 An-

1625 1728 1752 1776 dom
1768 1722 2036 1776 Germani.
2050 1724 2131 1774 De
2144 1739 2207 1774 eo
2226 1721 2358 1774 Plin.
2372 1721 2507 1774 Hist.
2523 1721 2644 1774 Nat.

1626 1801 1752 1867 XX,
1784 1820 1871 1866 22,
1900 1819 1941 1854 s.
1970 1805 2059 1870 89.
2081 1804 2424 1868 —Muleoque
2443 1800 2555 1867 seri
2591 1800 2646 1851 J.
2712 1807 2723 1816 '

1624 1878 1684 1932 Β.
1710 1881 1768 1932 R.
1796 1884 1893 1932 seri
1916 1881 1999 1933 Sa.
2018 1881 2085 1932 D.
2104 1881 2165 1932 L.
2181 1883 2428 1948 contigere
2448 1879 2505 1930 R.
2522 1898 2644 1930 suco

1624 1959 1687 2012 D.
1707 1988 1780 2001 -—
1796 1964 2047 2028 Multoque
2059 1963 2168 2012 sedi
2177 1963 2465 2026 contingere
2478 1977 2644 2010 sueeo.

1622 2039 1747 2113 Ipse
1771 2039 1979 2092 Colum.
2006 2038 2116 2100 XI,
2146 2039 2177 2090 3
2194 2076 2209 2101 ‚
2230 2040 2294 2091 61
2323 2056 2337 2090 ε
2379 2063 2405 2084 ιι
2422 2037 2643 2090 Veteres

1623 2117 1841 2189 quidam
1870 2128 2112 2170 auctores
2129 2154 2146 2181 ‚
2187 2129 2247 2170 ut
2273 2117 2605 2170 Democritus
2624 2153 2643 2181 ‚

1622 2195 1937 2269 precipiunt
1956 2233 1972 2258 ,
2016 2195 2216 2250 semina
2257 2196 2435 2249 omnia
2482 2213 2649 2250 succo

1622 2273 1824 2337 herb&
1843 2294 1964 2347 quat
1990 2271 2175 2327 sedum
2198 2273 2513 2344 adpellatur,
2534 2293 2641 2328 me·

1622 2352 1831 2417 dicare,
1852 2352 2147 2425 eodemque
2184 2352 2419 2407 remedio
2446 2354 2638 2407 adver—

1623 2450 1714 2485 sus
1734 2430 1981 2484 bestiolas
2004 2431 2083 2483 uti
2107 2447 2122 2481 ε
2148 2429 2295 2501 quod
2315 2449 2499 2485 verum
2526 2453 2643 2488 esse

1621 2529 1722 2564 nos
1766 2509 2089 2582 experientia
2136 2508 2317 2563 docuit
2344 2538 2391 2563 a.
2432 2510 2643 2566 Plinius

1623 2588 1803 2657 docet,
1825 2588 2127 2659 xv111,17,
2152 2608 2196 2642 s.
2214 2590 2279 2653 45
2303 2607 2317 2643 :
2347 2615 2370 2637 ι
2386 2608 2505 2643 eam
2524 2590 2647 2645 her-

1622 2668 1749 2721 bam
1786 2668 1843 2719 in
1868 2668 2057 2741 tegulis
2086 2667 2388 2741 tubulisque
2425 2670 2643 2735 nasci-3

1624 2746 1817 2801 Latine
1842 2747 1999 2800 etiam
2029 2750 2299 2816 digieellum
2325 2746 2433 2801 dici
2453 2789 2469 2813 ,
2493 2748 2647 2803 Gra-

1624 2825 1698 2879 cis
1716 2829 1895 2879 aizoon
1909 2868 1925 2893 ,
1942 2844 2149 2898 semper
2165 2826 2357 2881 virens.
2379 2825 2646 2879 Palladius

1625 2904 1813 2958 eadem
1831 2905 2161 2977 praecipiens‚
2190 2906 2215 2957 1
2230 2945 2247 2972 ,
2273 2904 2361 2970 35,
2388 2904 2439 2967 3,
2456 2905 2645 2957 Latina

1626 2982 1864 3037 dictione
1876 2982 1931 3035 id
1944 3000 2139 3036 nomen
2160 2982 2349 3035 extulit
2372 3000 2387 3035 ε
2409 3008 2435 3029 ι
2446 2982 2649 3037 Contra

1628 3079 1799 3115 eruca
1827 3062 2025 3115 semina
2044 3080 2163 3132 quin
2180 3060 2475 3133 spargenda
2495 3074 2650 3129 sunt,

1627 3140 1968 3212 semperviva
2012 3159 2171 3194 succo
2216 3138 2528 3205 madefiant,
2562 3140 2651 3193 vel

1630 3238 1908 3273 micarum
1936 3220 2187 3291 sanguine
2213 3246 2254 3274 ι.

1703 3298 1821 3352 358.
1852 3303 2070 3350 Veniunt
2099 3299 2149 3351 J.
2174 3298 2233 3350 Β.
2254 3298 2319 3351 R.
2352 3299 2400 3352 J.
2421 3298 2472 3352 J.
2492 3298 2557 3349 H.
2583 3300 2650 3353 A.

1631 3379 1758 3449 Arg.
1782 3376 1849 3431 G.
1877 3378 1999 3430 Riv.
2028 3409 2098 3417 —-
2125 3380 2401 3430 Dardania
2436 3380 2656 3431 venn‘exnt

1632 3472 1785 3521 arces,
1805 3456 1838 3508 i.
1860 3475 1904 3509 e.
1932 3458 2178 3529 magico,
2195 3478 2224 3510 a
2244 3456 2655 3525 Dardanofinsi-

1634 3536 1756 3608 gni,
1782 3548 1842 3589 ut
1864 3534 2109 3596 tradunt,
2136 3556 2313 3607 mago,
2342 3540 2491 3610 cujus
2508 3556 2655 3592 com—

1634 3614 1904 3668 mentariis
1931 3615 2210 3688 diligenter
2236 3614 2483 3687 perlectis
2498 3654 2515 3681 ‚
2534 3615 2656 3670 lon-

1636 3714 1699 3767 ge
1717 3694 2048 3747 doctissimus
2070 3694 2298 3748 evasisse
2322 3696 2657 3751 Democritus

1637 3784 1978 3827 memoratur.
2024 3774 2253 3827 Consule
2292 3773 2428 3827 Plin.
2462 3774 2619 3827 XXX
2644 3814 2661 3838 ,

1640 3872 1693 3918 1,
1728 3873 1771 3907 s.
1810 3874 1855 3907 a.
1895 3854 2179 3928 Apuleius:
2206 3854 2347 3907 «vel
2380 3854 2492 3925 ipse
2518 3857 2659 3907 Dar-

1636 3930 1804 3985 danus
1822 3969 1841 3997 ,
1875 3933 1961 3985 vel
1998 3932 2327 4005 quicumque
2367 3933 2500 3987 alius
2536 3946 2661 4005 post

532 4006 694 4061 Gm.
717 4037 786 4048 —
807 4007 954 4071 Pius,
975 4007 1068 4079 qui
1085 4026 1146 4061 ex
1163 4008 1552 4081 antiquioribus
1642 4012 1974 4065 zoroastrem
1986 4036 2025 4064 n.
2050 4012 2173 4065 Seu.
