2964 4690
983 383 1118 450 DE
1169 381 1815 450 coLUMELLA.
2418 403 2463 476 9

349 514 479 580 vini
499 515 786 578 valerent
807 513 986 593 satis,
1019 511 1455 600 colligendum
1479 509 1635 574 inde
1657 527 1821 576 esset
1836 558 1854 591 ‚
1878 511 2293 577 Maecenatem
2318 528 2467 576 ante

227 631 236 640 '
351 618 775 684 Columellam
811 615 1050 680 librum
1083 615 1164 680 de
1199 615 1388 680 Cultu
1413 616 1735 696 horrorum
1760 615 2049 680 versibus
2084 615 2468 680 condidisse.

349 722 475 788 Sed
525 744 922 810 quamquam
975 720 1519 786 studiosissimum
1554 721 1649 784 rei
1701 721 2023 788 hortensis
2052 722 2469 788 Maecenatem

353 828 548 896 fuisse
580 843 864 908 constat,
897 851 1092 915 quem
1129 827 1410 890 multum
1443 827 1513 890 in
1549 826 1755 892 hortis
1790 827 1873 891 ab
1908 849 1975 890 se
2006 829 2337 892 instructis
2369 851 2471 892 se-

353 933 521 1001 disse
561 933 758 998 refert
799 947 1028 998 auctor
1061 932 1296 1022 Elegiae
1331 931 1412 996 de
1443 933 1601 996 obit.
1640 933 1819 998 Moec.
1853 957 1913 998 v.
1962 933 2043 998 33
2089 955 2221 1020 seq.
2268 949 2334 996 et
2364 933 2470 996 cui

353 1037 656 1126 Virgilius
687 1037 1154 1127 Georgicorum
1184 1036 1382 1102 libros
1401 1085 1420 1117 ,
1457 1055 1525 1102 et
1558 1039 1835 1104 Sabinus
1865 1039 2057 1120 Tiro,
2089 1055 2165 1102 ut
2196 1037 2471 1118 Plinius,

355 1141 464 1208 lib.
498 1143 688 1223 XIX,
717 1165 856 1231 cap.
895 1165 1006 1224 1o,
1035 1158 1339 1221 testatur,
1363 1152 1681 1225 Κηπουροιὰ,
1716 1167 1831 1208 seu
1862 1143 2063 1208 libros
2094 1144 2171 1207 de
2196 1145 2298 1232 ‚Re
2330 1145 2475 1206 hor·-

352 1250 517 1314 tensi
550 1246 812 1329 dicavit,
851 1247 1088 1314 librum
1135 1266 1348 1316 tamen
1385 1252 1523 1331 ejus
1558 1252 1637 1316 do
1677 1249 1866 1315 cultu
1895 1251 2097 1314 solam
2129 1249 2473 1314 hortorum

355 1354 674 1420 culturam
725 1369 1078 1442 spectasse,
1136 1359 1534 1446 argumentis
1558 1405 1578 1436 ,
1626 1357 1867 1444 quibus
1912 1355 2181 1419 Rivinus
2228 1356 2472 1437 utitur,

361 1458 656 1524 nondum
684 1459 893 1524 evinci
923 1461 1230 1546 arbitror,
1264 1487 1479 1552 neque
1508 1462 1935 1542 Meibomius‚
1968 1462 2082 1549 qui
2104 1462 2173 1524 in
2208 1461 2476 1526 Maecen.

357 1589 496 1654 cap.
528 1566 646 1648 23,
688 1569 802 1647 14,
840 1564 921 1631 de
967 1568 1136 1633 libro
1191 1570 1408 1636 Cultus
1441 1569 1621 1634 haud
1660 1569 2100 1658 perfunctorie
2153 1569 2311 1658 agit,
2352 1568 2477 1631 tale

358 1675 494 1754 ejus
542 1691 1000 1763 argumentum
1037 1677 1398 1766 suspicatus
1445 1693 1563 1742 est.
1608 1678 1748 1766 Ego
1784 1675 1917 1739 fere
1952 1674 2440 1738 existimaverim
2460 1721 2477 1753 ,

359 1781 772 1846 Maecenatem
808 1803 888 1846 eo
935 1781 1102 1846 libro
1153 1784 1531 1850 universum
1565 1784 1711 1847 vitoe
1742 1803 1874 1846 suae
1908 1783 2156 1845 cultum
2173 1827 2190 1860 ,
2228 1801 2475 1860 mores,

357 1902 526 1968 acta,
559 1885 819 1966 luxum,
867 1909 1011 1974 quae
1037 1889 1276 1954 sciebat
1303 1891 1537 1978 passim
1566 1886 1990 1978 reprehendi,
2030 1909 2333 1950 excusare
2358 1909 2477 1948 vo-

359 1991 586 2071 luisse,
615 1989 816 2079 idque
859 1994 1178 2082 praecipue
1210 1995 1571 2060 defendisse
1590 2043 1609 2077 ,
1643 1995 1821 2083 quod
1854 2015 2155 2080 campum
2187 1991 2478 2078 Exquili-

360 2119 555 2179 num,
583 2097 856 2185 publicis
887 2114 1073 2162 antea
1105 2100 1328 2165 usibus
1365 2098 1755 2164 destinatum
1776 2147 1795 2180 ,
1827 2097 2032 2162 hortis
2062 2096 2193 2160 suis
2228 2113 2291 2160 et
2322 2095 2477 2159 aedi-

361 2203 519 2268 ficiis
567 2201 918 2292 magnificis
962 2223 1337 2295 occupasset
1355 2254 1374 2288 ,
1424 2207 1650 2294 ibique
1698 2206 1895 2268 vitam
1942 2201 2228 2267 desidem
2276 2218 2341 2265 et
2375 2203 2480 2267 lu-

361 2307 540 2375 xuria
565 2306 969 2375 diffluentem
1007 2326 1243 2400 ageret.
1964 2305 1971 2312 ’

371 2484 380 2497 ,
447 2416 718 2481 Carmen
744 2415 1048 2480 hor-tense
1075 2416 1446 2481 Columellas
1478 2415 1709 2479 multas
1738 2431 1803 2480 et
1830 2414 2175 2501 exquisitas
2204 2413 2486 2478 erudito-

362 2540 510 2583 rum
561 2518 780 2584 laudes
833 2520 983 2585 tulit
1001 2569 1017 2599 ,
1051 2522 1396 2610 largusque
1425 2522 1497 2585 in
1528 2520 1605 2585 iis
1638 2523 1913 2585 maxime
1954 2523 2137 2609 Casp.
2188 2520 2484 2585 Bal-thius

366 2638 493 2706 est,
535 2626 648 2712 qui
695 2626 933 2713 passim
966 2626 1212 2691 liberali
1245 2624 1456 2716 elogio
1498 2627 1769 2692 ornavit.
1810 2628 1915 2691 Sic
1949 2623 2281 2691 Adversar.
2318 2626 2485 2690 libro

365 2730 710 2812 XXXVII,
742 2752 883 2819 cap.
921 2754 960 2818 7
988 2753 1005 2795 :
1039 2762 1064 2789 α
1083 2733 1238 2813 Ejus
1267 2731 1711 2821 (Columellas)
1750 2734 2067 2796 Hortalus
2124 2754 2365 2819 purum
2420 2748 2485 2793 et

367 2858 514 2902 vere
563 2836 864 2901 latinum
911 2860 1171 2903 oermen
1211 2854 1338 2919 est,
1365 2860 1501 2901 11011
1545 2836 1905 2917 tumidum,
1932 2834 2223 2899 inflatum
2244 2884 2261 2917 ,
2300 2834 2487 2897 abso·

368 2964 568 3022 num,
591 2942 708 3009 sed
751 2943 1024 3009 naturali
1059 2959 1398 3010 venustate
1440 2942 1728 3033 elegans,
1765 2963 1885 3006 nec
1916 2925 2241 3007 adfectans
2276 2939 2487 3005 decla-

369 3050 671 3113 matorios
709 3046 934 3131 flores,
961 3067 1286 3139 perpetuae
1331 3050 1639 3115 orationis
1690 3047 1971 3113 dedecus
2016 3063 2081 3112 et
2121 3048 2489 3135 corruptio-

372 3174 520 3217 nem
538 3184 586 3217 ».
638 3153 822 3219 Idem
875 3157 944 3219 in
1003 3155 1367 3219 Comment.
1417 3155 1501 3219 ad
1544 3156 1699 3219 Stat.
1730 3153 1935 3219 Theb.
1964 3153 2073 3218 lib.
2108 3154 2171 3217 11
2191 3200 2209 3233 ,
2232 3174 2292 3217 v.
2324 3150 2446 3216 213
2473 3200 2491 3233 ,

369 3282 508 3349 pag.
553 3258 682 3345 390
696 3308 716 3341 ,
756 3260 1282 3347 elegantissimum
1345 3260 1707 3326 Columelloe
1747 3282 2003 3323 carmen
2051 3275 2267 3338 vocat,
2322 3258 2500 3347 quod

371 3367 652 3431 nativam
673 3369 1134 3457 ingenuamque
1143 3371 1370 3457 poesin
1387 3366 1499 3432 illo
1516 3368 1729 3436 adhuc
1750 3390 1883 3433 oevo
1905 3388 2049 3432 eum
2055 3370 2283 3455 paucis
2295 3388 2497 3429 serva-

372 3476 494 3551 νέες
514 3472 882 3560 iterumque
912 3472 996 3537 ad
1023 3474 1138 3537 lib.
1167 3474 1258 3538 VI
1279 3473 1486 3538 Theb.
1509 3496 1569 3538 v.
1611 3476 1733 3550 104
1749 3522 1768 3555 ,
1794 3494 1937 3562 pag.
1976 3472 2103 3549 384
2120 3519 2137 3552 ,
2151 3485 2491 3559 poetarum

360 3578 732 3664 primatibus
779 3578 1196 3645 Columellam
1225 3582 1383 3668 jure
1433 3579 1890 3645 accensendum
1950 3578 2110 3643 dicit
2125 3625 2144 3660 ,
2188 3582 2380 3640 etiam
2428 3579 2495 3639 in

369 3682 626 3748 tantillo
667 3688 892 3773 scripto
924 3686 1226 3773 genuinoe
1253 3708 1513 3774 poeseos
1529 3687 1895 3774 principum
1923 3707 2049 3747 non
2072 3700 2451 3771 postremum
2469 3704 2495 3743 .-

372 3784 654 3877 denique
703 3789 790 3855 ad
833 3812 996 3857 vers.
1053 3790 1178 3856 360
1215 3791 1504 3871 ejusdem
1536 3790 1714 3873 libri,
1740 3812 1886 3878 pag.
1926 3790 2077 3875 489,
2109 3788 2495 3877 elegantissi-

371 3916 540 3959 mum
561 3943 583 3975 ,
605 3910 672 3961 et
711 3920 848 3961 vere
877 3899 1154 3963 Romani
1177 3900 1418 3985 ingenii
1451 3898 1808 3985 scriptorem
1844 3910 1905 3960 et
1921 3907 2198 3984 poetam.
2228 3895 2311 3957 Et
2342 3916 2497 3956 sane

373 3997 728 4065 Columella
745 4048 764 4082 ,
793 4019 870 4065 ut
899 4002 968 4065 in
1000 4003 1244 4066 caetefis
1272 4002 1451 4067 libris
1486 4002 1759 4089 copiosae
1786 4001 2225 4090 elegantisque
2258 3998 2497 4061 oratio-

375 4103 504 4185 nis,
525 4104 612 4169 ita
657 4105 725 4167 in
768 4108 1036 4171 metrico
1078 4107 1322 4195 ingenii
1361 4124 1424 4171 et
1455 4122 1743 4171 venustae
1788 4124 2055 4193 poeseos
2106 4102 2495 4168 admirabilis
