2964 4690
785 377 918 444 DE
968 375 1302 444 CULTU
1358 375 1965 444 HORTORUM.

2307 397 2428 467 ‘9'

415 495 778 593 Gongylis,
811 494 1055 567 illustri
1091 497 1296 566 mittit
1331 521 1532 592 quam
1562 497 1809 568 Nursia
1837 520 2107 591 campo,

415 609 712 700 Quaeque
749 607 1186 676 Amiterninis
1221 606 1519 678 defertur
1553 609 1791 677 bunias
1826 607 2023 677 arvis.

509 716 635 785 Sed
661 715 804 811 jam
839 717 1117 786 maturis
1157 741 1284 790 nos
1323 717 1583 813 flagitat
1616 719 1853 788 anxius
1886 718 2033 788 uvis

413 827 615 896 Evius
633 879 653 914 ,
708 825 1134 922 excultosque
1175 828 1365 922 jubet
1393 828 1779 898 claudamus
1819 841 1897 897 ut
1935 828 2183 897 hortos,

417 936 836 1022 Claudimm,
868 937 1284 1034 imperioque
1325 954 1442 1008 tuo
1478 964 1789 1034 paremus
1824 953 2145 1034 agrestes,

2366 959 2443 1005 425

413 1051 514 1116 Ac
549 1049 860 1117 metimus
896 1045 1030 1116 laeti
1067 1063 1183 1118 tua
1223 1074 1540 1136 munera,
1576 1049 1789 1120 dulcis
1823 1048 2090 1135 Iacche,

413 1162 601 1228 Inter
638 1157 918 1228 lascivos
952 1162 1250 1255 Satyros,
1277 1165 1626 1258 Panasque
1664 1161 1978 1231 biformes

413 1269 696 1340 Brachia
723 1269 1048 1364 jactantes
1089 1272 1312 1342 vetulo
1347 1274 1709 1342 marcentia
1748 1273 1928 1342 vino.

387 1481 511 1538 4²¹·
535 1473 753 1540 Congt‘lt’s
772 1473 923 1524 Dem.
951 1475 1173 1542 congeli:
1196 1473 1342 1526 L.—

323 1555 587 1621 Gongylis,
639 1567 780 1621 rapo
823 1569 1021 1604 nomeu
1064 1553 1340 1616 Graecum,

321 1629 466 1702 qnod
508 1631 577 1682 ab
602 1627 717 1682 aliis
756 1629 960 1682 Latinis
997 1649 1108 1684 non
1133 1631 1342 1703 reperio

323 1720 658 1780 usurpatum.
715 1706 1056 1761 Dioscorides
1098 1709 1236 1764 libro
1285 1711 1344 1762 11

321 1787 560 1840 nominat
573 1825 592 1850 ,
645 1797 698 1839 ct
745 1786 1106 1840 Romanorum
1157 1807 1341 1860 rapam

320 1886 510 1999 {²12⁰
517 1945 576 1997 in
597 1866 1342 2006 ειὴῑιιῗῗέἷζῗῖιοᾞῗζῗ

322 2045 438 2076 aa
451 2065 469 2090 ,
485 2022 635 2094 quod
651 2020 905 2094 sequitur.
927 2023 1219 2096 Utriusque
1229 2025 1346 2096 agri

323 2104 460 2176 rapis
493 2102 758 2173 napisque
783 2099 1075 2177 educandis
1097 2104 1342 2157 celebres,

321 2183 606 2249 Martialis,
627 2181 784 2240 xm,
807 2198 894 2244 πο,
909 2179 978 2234 de
989 2181 1173 2253 napis:
1197 2209 1221 2228 κ
1235 2185 1346 2236 Nos

323 2263 628 2314 Amiternus
681 2279 806 2331 ager
859 2260 1100 2314 felicibus
1151 2263 1347 2316 educat

324 2343 488 2396 hortis
521 2362 538 2393 :
589 2339 846 2394 Nursinas
891 2341 1086 2411 poteris
1137 2343 1344 2413 parcius

325 2442 435 2477 esse
455 2422 598 2494 pilas
624 2446 668 2470 a.
686 2424 817 2472 Pilas
842 2418 1020 2473 dicere
1036 2421 1248 2477 videtur
1264 2442 1346 2477 ra·

325 2520 514 2574 porum
535 2538 553 2563 ,
581 2497 730 2571 quod
757 2498 870 2552 haec
899 2500 1054 2553 latius
1079 2501 1133 2554 in
1159 2502 1344 2556 orbem

327 2582 633 2635 crescebant
649 2580 709 2631 in
729 2578 934 2633 Nursia
953 2598 1099 2652 agro.

393 2668 520 2725 422.
540 2664 592 2710 A
603 2662 911 2724 Mynenimis
924 2660 959 2711 J
961 2676 1070 2713 ens.
1089 2662 1349 2713 Amicum?-

329 2744 402 2791 ιη’-ς
419 2739 480 2791 Β.
497 2740 558 2791 R.
581 2739 782 2789 bumt'as
803 2737 864 2789 L.
883 2769 952 2778 —-
971 2741 1174 2801 Bum'as,
1196 2740 1344 2793 Groe·

327 2837 446 2872 cum
473 2834 676 2870 nomeu
695 2856 712 2882 ‚
741 2834 776 2869 a
799 2816 1108 2871 Dioscoride
1127 2838 1346 2890 usurpa-

327 2910 437 2949 tum
454 2934 472 2961 ,
489 2896 806 2948 Latinorum
821 2914 994 2967 napus
1009 2908 1106 2949 est.
1119 2896 1344 2961 Plinius,

328 2976 458 3029 Hist.
487 2975 614 3028 Nat.
645 2973 774 3035 XX,
803 2980 860 3038 4,
899 2992 945 3027 s.
987 2993 1080 3029 11:
1122 2978 1344 3049 «Napo-

329 3073 442 3107 rnm
453 3052 592 3107 duas
612 3052 944 3106 differentias
979 3064 1033 3107 et
1060 3054 1115 3107 in
1139 3056 1350 3109 medici·

329 3152 396 3186 na
419 3132 596 3195 Grnci
635 3144 848 3184 servant
874 3150 889 3184 ε
915 3134 1179 3204 angulosis
1195 3134 1346 3187 folio·

331 3232 444 3267 rum
461 3212 706 3275 caulibus
719 3210 1124 3284 florentis,quod
1143 3214 1348 3266 bunion

333 3308 523 3349 vocant
540 3331 558 3359 ,
587 3292 990 3367 purgationibus
1029 3292 1346 3346 feminarum

335 3374 538 3428 utilem.
569 3374 807 3426 Alterum
829 3390 996 3444 genus
1019 3372 1246 3426 buniada
1267 3372 1354 3426 ad·

337 3456 526 3525 pellant
543 3492 562 3517 ,
581 3464 633 3506 et
649 3452 885 3523 raphano
899 3461 950 3505 et
963 3471 1096 3524 rapo
1118 3452 1290 3507 simile
1309 3478 1350 3503 -.

402 3533 522 3599 ⁴23·
563 3536 666 3585 Sed
688 3534 803 3600 jam
836 3534 1056 3583 maturis.
1104 3530 1206 3587 Sed
1239 3533 1350 3605 jam

337 3625 536 3684 tempus
575 3610 710 3665 illud
747 3612 923 3679 adest,
954 3629 1088 3683 quo,
1131 3612 1348 3665 maturis

333 3692 438 3763 jam
463 3691 616 3755 uvis,
647 3690 918 3745 vindemia
961 3700 1194 3744 nostram
1232 3710 1348 3762 ope-

337 3788 450 3823 ram
496 3770 700 3842 flagitat
714 3811 730 3837 ,
776 3782 828 3823 et
879 3772 1032 3825 labor
1077 3772 1353 3825 excolendi

339 3848 479 3901 horti
515 3848 794 3904 finiendus.
833 3852 880 3902 A
915 3862 1150 3924 tempore
1175 3852 1350 3905 immi·

339 3928 506 3981 nentis
527 3929 841 3998 vindemia,
858 3930 1006 4002 quod
1019 3944 1096 3985 est
1115 3930 1354 3985 autumni

342 4008 396 4059 in
410 4006 634 4062 hiemem
655 4009 976 4063 declinantis
990 4047 1007 4074 ‚
1031 4012 1191 4063 sumit
1208 4030 1356 4064 occa-

341 4087 536 4141 sionem
569 4090 797 4165 scriptor
829 4088 1050 4142 finiendi
1081 4090 1254 4163 operis
1273 4090 1356 4143 sui

1425 1473 1495 1528 de
1510 1493 1635 1528 cura
1658 1474 1958 1528 hortorum.
1980 1470 2286 1526 Meminisse
2305 1470 2447 1525 enim

1426 1553 1710 1619 debemus,
1738 1553 1951 1606 initium
1988 1551 2161 1624 operis
2186 1551 2269 1604 sui
2293 1561 2345 1604 et
2368 1551 2444 1606 la·

1424 1633 1572 1686 boris
1601 1633 1657 1684 in
1680 1631 1839 1685 borto
1866 1629 2145 1686 exercendi
2163 1630 2447 1702 sumpsisse

1427 1731 1551 1766 eum
1580 1713 1649 1766 ab
1684 1712 2001 1785 aequinoctio
2038 1711 2331 1766 autumnali
2348 1748 2366 1773 ,
2396 1721 2447 1763 et

1425 1805 1665 1865 tempore
1682 1791 1977 1846 vindemia.
1996 1790 2123 1844 Vid.
2147 1809 2195 1842 v.
2234 1790 2301 1852 43
2338 1809 2447 1861 seq.

1426 1871 1598 1943 Igitur
1640 1871 1741 1925 sub
1794 1870 1937 1924 idem
1970 1882 2181 1941 tempus
2226 1867 2448 1922 claudit.

1427 1949 1721 2003 Commode
1753 1951 1912 2003 verba
1928 1948 2230 2022 Calpurnii,
2246 1948 2323 2011 V,
2350 1951 2417 2016 96
2432 1988 2451 2015 ,

1426 2041 1741 2082 autumnum
1788 2027 2130 2082 describentis
2161 2046 2175 2081 :
2232 2054 2258 2074 ι
2282 2027 2452 2096 aperit

1427 2126 1593 2179 quum
1612 2109 1764 2160 vinea
1785 2125 1932 2179 sepes
1942 2132 1984 2172 a,
2015 2125 2139 2159 cum
2174 2103 2257 2158 his
2274 2105 2451 2162 Nostri

1428 2205 1713 2256 componas
1729 2212 1755 2232 α
1774 2185 2113 2257 excultosque
2124 2185 2275 2258 jubet
2296 2184 2450 2238 clau-

1429 2263 1618 2318 damus
1632 2278 1690 2317 ut
1703 2265 1884 2318 hortos
1906 2290 1949 2317 ι.
1971 2265 2232 2318 Caeterum
2252 2265 2455 2330 injubee

1427 2358 1485 2395 ut
1506 2349 1798 2397 claudamus
1830 2343 2076 2417 syntaxin
2094 2350 2177 2397 τοῦ
2188 2345 2331 2415 jubet
2351 2344 2451 2397 ob·

1429 2442 1605 2476 serves
1620 2461 1635 2487 ‚
1658 2441 1818 2495 quam
1840 2424 1899 2477 in
1924 2424 2081 2476 bonis
2104 2422 2452 2496 scriptoribus

1427 2520 1605 2555 raram
1647 2520 1757 2555 esse
1784 2515 1970 2575 putant
1995 2502 2357 2556 Grammatici.
2380 2533 2452 2543 —

1427 2587 1543 2633 Non
1563 2585 1775 2651 flagitat
1798 2584 1923 2653 Arg.
1950 2580 2055 2634 Pro
2084 2584 2302 2643 anxius,
2330 2584 2453 2633 arni-

1429 2664 1546 2713 xius
1569 2661 1632 2713 L.
1655 2664 1875 2712 amaxius
1890 2662 1959 2713 D.

1504 2746 1623 2803 424.
1656 2742 1868 2790 Euche’us
1894 2740 1948 2791 J.
1976 2738 2035 2790 B.
2058 2740 2116 2792 R.
2141 2740 2191 2791 J.
2219 2740 2271 2793 J.
2291 2738 2357 2793 H.
2381 2742 2447 2793 A.

1429 2821 1555 2890 Arg.
1583 2822 1765 2870 Euhius
1789 2818 1889 2871 Gr.
1929 2817 1995 2869 G.
2032 2822 2247 2869 Euchios
2285 2819 2347 2873 L.
2376 2821 2445 2872 D.

1505 2900 1624 2962 426.
1649 2904 1764 2949 Iam
1787 2915 2000 2948 rnuncra
2028 2896 2111 2949 Sa.

1506 2985 1624 3049 4²7.
1675 2983 1810 3030 Inter
1846 2979 2053 3031 lascivos
2079 2981 2279 3041 Satri-os
2296 3015 2311 3041 ,
2336 2978 2453 3031 vin.

1431 3056 1681 3111 demialia
1704 3057 2028 3111 celebrantes
2050 3094 2067 3120 ‚
2106 3056 2197 3108 ubi
2232 3056 2455 3112 lascivos

1433 3138 1738 3209 Satyrorum
1776 3148 1827 3190 et
1855 3136 2062 3189 Panum
2104 3134 2294 3192 choros
2336 3138 2453 3191 imi-

1435 3225 1632 3268 tantur.

1507 3296 1627 3357 428.
1687 3296 1902 3347 Brachia
1936 3297 2187 3364 jactantes
2203 3334 2218 3354 ,
2262 3315 2453 3371 nempe

1435 3372 1703 3436 saltando,
1722 3373 1811 3427 cui
1831 3372 2079 3443 adjuncta
2112 3386 2190 3427 cst
2212 3374 2455 3430 brachio·

1435 3474 1559 3506 rum
1592 3451 1822 3527 jactatio.
1854 3446 2015 3505 ovid.
2048 3453 2160 3505 Art.
2200 3456 2320 3507 Am.
2342 3458 2454 3520 111,

1439 3533 1543 3588 350
1561 3552 1574 3586 :
1608 3532 1780 3597 «Quis
1800 3530 2009 3586 duhitet
2022 3571 2039 3595 ‚
2069 3532 2199 3605 quin
2220 3535 2352 3590 scire
2373 3556 2458 3591 ve-

1437 3613 1532 3665 lim
1582 3612 1773 3665 saltare
1814 3611 2077 3683 puellam;
2121 3612 2196 3667 Ut
2246 3629 2459 3670 moveat

1436 3691 1613 3763 posito
1626 3690 1844 3743 brachia
1860 3694 2009 3764 jussa
2029 3711 2177 3745 mero
2186 3718 2227 3747 a.
2239 3703 2460 3747 —Vetu-

1438 3775 1489 3824 Io
1533 3774 1807 3822 tumentia
1848 3774 1987 3823 vino.
2049 3771 2137 3825 Sic
2184 3772 2345 3828 Ovid.
2390 3795 2457 3829 ex

1441 3850 1594 3903 Pout.
1621 3849 1679 3911 I,
1708 3848 1759 3909 5,
1794 3849 1899 3913 45:
1931 3876 1957 3896 ιι
1976 3851 2086 3904 Nec
2120 3853 2273 3924 juvat
2306 3853 2361 3904 in
2384 3854 2460 3906 lu-

1441 3948 1555 3983 cem
1582 3928 1747 3981 nimio
1784 3946 2107 3983 marcescere
2138 3931 2268 3983 vino
2286 3956 2331 3982 ιι.
2367 3938 2461 3984 Ve-

1444 4014 1594 4060 tulum
1640 4012 1901 4060 Falernum
1964 4007 2148 4060 laudat
2198 4009 2469 4075 Catullus,

1446 4090 1624 4141 Garm.
1656 4106 1741 4159 27,
1778 4106 1823 4139 1.
