2964 4690
557 417 638 487 18
707 417 717 426 *
1317 415 1923 488 PROOEMIUM

545 549 686 614 Lac.
731 565 885 612 tom.
936 547 1050 628 IV,
1085 570 1147 635 p.
1193 547 1335 612 126.
1386 546 1735 612 Maximam
1770 547 1907 626 ejus
1940 547 2243 612 carminis
2278 565 2527 635 partem
2572 572 2674 614 re-

545 655 733 746 petiit
770 652 1100 718 Antonius
1149 649 1462 716 Mizaldus
1509 651 1579 716 in
1634 651 1917 716 Historia
1966 653 2369 717 Hortensium
2402 667 2682 742 quatuor

553 760 884 850 Opusculis
915 757 1279 824 methodica&
1305 771 1614 826 commta
1628 803 1648 841 ,
1668 757 1839 824 edita
1868 757 2155 824 Coloniae
2184 760 2452 848 Agripp.
2486 783 2513 824 ι
2528 759 2676 847 577,

543 869 712 934 ἰῐι-ι8.
738 867 868 932 Ubi
894 865 1207 954 Opusculi
1229 863 1525 946 secundi,
1548 864 1733 954 quod
1754 867 2125 930 [ruscianum
2136 879 2341 930 artem
2354 872 2673 955 proponit,

547 996 686 1062 cap.
731 996 796 1059 7,
825 995 964 1061 pag.
1011 969 1177 1050 223,
1205 967 1468 1036 Palladii
1515 969 1597 1035 de
1644 970 1957 1036 Insitione
1995 987 2309 1060 precepta
2342 989 2673 1054 recenset,

543 1081 636 1144 ita
670 1095 886 1144 tamen
909 1125 927 1159 ,
949 1092 1028 1141 ut
1053 1073 1350 1140 ordinem
1381 1075 1667 1165 capitum
1692 1125 1709 1154 ,
1731 1077 1945 1165 quiin
1972 1078 2247 1167 vulgatis
2278 1076 2675 1144 editionibus

543 1202 644 1252 est
657 1233 676 1264 ,
709 1200 948 1266 mutet,
965 1199 1034 1248 et
1057 1181 1319 1248 arbores
1353 1182 1701 1248 nonnullas
1716 1179 1841 1264 ,de
1860 1183 2103 1269 quihus
2122 1205 2311 1272 agere
2334 1183 2673 1272 Opuaculo

545 1293 759 1380 primo
795 1311 936 1354 non
965 1289 1290 1377 placuerat
1307 1336 1326 1368 ,
1359 1287 1549 1376 plane
1582 1289 1859 1354 omittat.
1892 1290 2061 1355 Nam
2092 1290 2313 1354 insitio
2344 1293 2493 1356 vitis
2506 1337 2531 1373 ,
2552 1290 2677 1356 sila·-

542 1421 723 1486 quoe‚
757 1398 1046 1484 pistae-ii,
1085 1411 1152 1458 et
1177 1408 1523 1476 castaneoe,
1554 1418 1705 1460 cum
1738 1396 2115 1485 praefatione
2146 1411 2215 1460 et
2246 1397 2503 1486 epilogo
2522 1445 2540 1479 ,
2568 1398 2677 1461 bic

542 1499 1012 1568 desiderantur.
1051 1497 1456 1586 singularem
1494 1501 1687 1564 etiam
1722 1518 2303 1566 commentatorem
2335 1501 2499 1566 liber
2528 1501 2674 1566 Pal-

539 1605 692 1672 ludii
721 1604 806 1670 de
839 1603 1156 1670 Insitione
1191 1602 1348 1666 olim
1379 1619 1607 1668 nactus
1644 1621 1771 1684 eat,
1804 1605 2128 1687 Codrum,
2164 1605 2671 1670 Grammaticum

541 1709 1058 1788 Bononiensem,
1091 1705 1278 1784 cujus
1325 1710 1787 1774 commentaria
1834 1709 1907 1773 in
1954 1712 2223 1798 antiqua
2256 1711 2673 1776 Rusticorum

543 1815 829 1882 editione
878 1811 1220 1903 Regiani,
1267 1812 1432 1898 1496
1457 1859 1474 1892 ,
1502 1829 1571 1876 et
1608 1814 1673 1878 in
1713 1815 1983 1880 luntina
2024 1813 2183 1882 1521
2208 1863 2231 1896 ‚
2262 1815 2673 1896 exhibentur,

543 1946 579 1986 a
609 1922 906 1988 Gesnero
941 1935 1162 1984 autem
1197 1939 1348 1982 cum
1381 1917 1629 1984 selectu
1656 1920 1925 2007 repetita
1962 1935 2139 1984 sunt.
2174 1921 2315 2007 Ego
2349 1920 2415 1984 in
2446 1941 2675 1984 recen-

539 2027 746 2094 sendo
792 2022 1413 2115 intoepretandoqne
1464 2023 1595 2090 hoc
1636 2026 1959 2112 opusculo
2000 2023 2293 2090 eamdem
2311 2073 2331 2106 ‚
2346 2047 2561 2112 =quam
2605 2027 2671 2090 in

543 2135 904 2202 Columella
919 2183 936 2212 ,
965 2133 1285 2198 rationem
1329 2133 1533 2197 tenui.
1563 2133 1839 2198 Selectas
1876 2129 2224 2197 doctorum
2246 2134 2533 2198 vinorum
2566 2133 2678 2196 ad·

539 2242 904 2308 notationes
921 2287 940 2320 ,
967 2238 1086 2304 ubi
1113 2237 1266 2304 satis
1298 2235 1660 2302 commodoe
1680 2235 2073 2320 viderentur,
2096 2237 2367 2302 adhibui
2384 2287 2403 2320 ‚
2430 2239 2677 2326 reliqua

538 2370 686 2413 meo
711 2344 958 2425 judicio
996 2365 1154 2409 usus
1187 2360 1622 2432 persequutus
1659 2365 1825 2408 aum.

627 2454 728 2517 De
777 2450 1048 2517 νοω
1123 2446 1418 2514 laudibus
1485 2448 1747 2513 Hor-tuli
1794 2450 2007 2513 atatim
2062 2449 2423 2515 adscribam
2479 2451 2675 2515 verba

443 2616 454 2623 .
531 2557 923 2637 Burmanni,
957 2556 1072 2644 qui
1105 2576 1362 2619 carmen
1393 2553 1554 2619 illud
1584 2553 1893 2643 produxit
1916 2554 2181 2619 Anthol.
2216 2558 2352 2621 Lat.
2386 2556 2497 2620 lib.
2532 2558 2625 2620 ul
2648 2604 2666 2635 ‚

537 2686 639 2751 ep.
673 2662 777 2727 51.
813 2660 1235 2750 «Egregium,
1279 2658 1525 2747 inquit,
1564 2660 1693 2724 hoc
1744 2682 2005 2723 carmen
2048 2661 2311 2725 exhibet
2344 2662 2667 2741 Pithoeus,

537 2768 649 2831 lib.
681 2768 776 2848 11,
809 2790 875 2855 p.
912 2787 994 2851 72
1017 2812 1036 2847 ,
1071 2779 1138 2829 et
1169 2764 1451 2854 Soeliger
1484 2766 1553 2828 in
1590 2766 1788 2830 Catal.
1822 2788 1889 2853 p.
1922 2766 2085 2853 176:
2118 2766 2235 2831 aed
2264 2768 2334 2830 in
2368 2768 2505 2847 ejus
2532 2766 2672 2833 edi·

537 2878 716 2943 tione
751 2874 1074 2941 Gallicana
1117 2870 1543 2962 Lugdunensi
1564 2922 1583 2956 ,
1612 2898 1675 2963 p.
1721 2874 1835 2939 181
1859 2922 1878 2956 ,
1907 2874 2031 2939 sub
2064 2876 2291 2957 titulo,
2321 2898 2405 2941 nn
2436 2898 2672 2939 uum-

540 3005 653 3047 nns
679 2982 1019 3062 Hori-rum,
1056 3000 1317 3043 menan
1353 3002 1668 3045 anemius
1688 3029 1707 3061 ,
1748 2980 1873 3043 sub
1894 2981 2165 3045 nomine
2191 2981 2453 3045 Votum
2480 2981 2671 3045 etiam

541 3086 745 3151 edidit
800 3086 1070 3149 Rivinua
1124 3084 1196 3147 in
1234 3084 1521 3150 Poemat.
1558 3102 1687 3150 vet.
1736 3102 1885 3175 post
1922 3084 2275 3151 Palladium
2308 3086 2373 3148 in
2410 3083 2539 3149 fine
2561 3132 2580 3166 ,
2606 3102 2675 3149 et

541 3188 834 3255 Pellam
853 3189 920 3254 in
949 3190 1206 3255 Comite
1225 3189 1497 3254 Rustico
1517 3238 1537 3271 ,
1558 3212 1703 3279 pag.
1736 3190 1895 3271 208,
1918 3214 1979 3254 v.
2008 3190 2271 3255 christii
2294 3190 2561 3255 Exmrs.
2590 3191 2673 3255 ad

543 3296 932 3377 Villaticum,
950 3318 1016 3383 p.
1035 3316 1185 3383 272.
1207 3294 1499 3359 Vomano
1519 3296 1783 3385 quidem
1802 3296 2031 3361 tribuit
2050 3296 2251 3361 codex
2272 3296 2673 3377 Petavianus,

545 3400 658 3467 sed
703 3400 968 3465 titulum
998 3424 1084 3465 nn
1111 3422 1433 3465 nunnus
1469 3402 1769 3467 Hom-uu
1800 3403 2061 3468 omittit.
2090 3404 2195 3467 Dn
2226 3424 2441 3466 mon
2478 3425 2675 3467 nonu

544 3509 840 3573 Annuus
875 3506 946 3569 in
975 3505 1122 3571 cod.
1155 3506 1509 3571 Thuaneot
1538 3530 1875 3572 nonnum
1906 3510 2045 3573 sine
2084 3508 2366 3572 auctoris
2406 3509 2675 3572 nomine

543 3610 614 3673 in
633 3624 908 3694 utraque
917 3605 1147 3671 Aldina
1163 3608 1635 3673 Catalectorum
1648 3608 1955 3691 editione,
1974 3634 2039 3698 p.
2060 3610 2144 3675 68
2164 3632 2181 3673 :
2200 3610 2273 3674 P.
2286 3608 2478 3677 Vno.
2492 3610 2673 3675 Man.

545 3734 879 3779 non-ruma
913 3712 978 3775 in
1013 3710 1165 3777 edit.
1199 3712 1497 3777 Catalect.
1531 3714 1707 3802 Virg.
1738 3714 2068 3797 Vicetina,
2090 3716 2433 3797 Brixiensi‚
2456 3732 2522 3781 et
2548 3716 2674 3779 Ve-

544 3835 818 3899 neta‚et
846 3818 928 3883 ab
960 3818 1088 3883 hoc
1125 3818 1407 3883 carmine
1437 3819 1913 3909 Epigrammata
1946 3820 2193 3910 Virgilii
2234 3822 2559 3911 incipiunt
2602 3822 2671 3885 in

545 3923 700 3989 edit.
720 3922 1066 3989 Pulmanni
1087 3946 1154 4011 p.
1179 3923 1326 4012 373.
1349 3954 1376 3981 ι·
1417 3924 1569 3989 Haec
1600 3926 1817 3991 Burm.
1848 3925 2178 4014 Sigillatim
2208 3927 2379 3991 inter
2402 3928 2471 3991 P.
2492 3926 2667 4013 Virg.

541 4030 830 4095 Maronis
865 4028 1194 4115 Opuseula
1235 4028 1316 4093 de
1365 4030 1458 4093 Re
1508 4030 1829 4110 hortensi,
1860 4032 1981 4097 suh
2024 4032 2215 4097 titulo
2246 4033 2595 4095 Honrums
2633 4054 2671 4093 a

541 4134 784 4199 Jodoco
809 4132 1141 4198 Willichio
1174 4133 1420 4198 editum
1457 4158 1597 4200 esse
1616 4184 1633 4215 ,
1654 4158 1844 4223 supra
1870 4135 2291 4201 indicavimus
2326 4136 2391 4199 in
2430 4135 2669 4223 prinei-
