2964 4690
511 335 604 420 48

1241 332 1917 400 COLUMELLA

605 457 896 549 Vimque
933 478 1119 523 suam
1167 453 1414 524 idcirco
1450 454 1809 548 profitetur
1842 455 2117 523 nominc
2147 453 2374 524 Graio.

607 571 780 638 Tum
823 589 1090 660 quoque
1133 565 1541 650 conseritur,
1588 579 1733 634 toto
1772 589 1921 658 quae
1956 562 2248 658 plurima
2290 578 2481 633 terrae

609 677 794 746 Orbe
833 676 1051 744 virens
1085 675 1334 769 pariter
1367 671 1581 768 plebi,
1612 675 1886 770 regique
1930 673 2257 768 superbo,

607 785 998 880 Frigoribus
1029 782 1290 866 caules,
1326 798 1394 852 et
1430 785 1567 852 veri
1602 799 1863 878 cymata
1896 783 2131 852 mittit:

609 897 779 986 Quae
811 896 1085 989 pariunt
1127 908 1384 964 veteres
1424 919 1669 988 ceposo
1705 893 1900 963 litore
1936 895 2201 977 Cumae,
2574 913 2652 954 1³0

610 1007 780 1096 Quae
811 1005 1220 1094 Marrucini,
1249 1030 1395 1100 quae
1425 1005 1657 1100 Signia
1694 1019 1921 1074 monte
1951 1003 2247 1098 Lepino,

473 1217 481 1226 ·
515 1182 598 1236 Sic
621 1179 744 1233 etin
769 1177 906 1234 facie
927 1187 1102 1231 cutem
1125 1174 1376 1230 emendat
1395 1175 1537 1230 exul-

515 1257 747 1316 cerando
766 1300 782 1324 ,
813 1269 876 1311 ut
903 1261 1223 1330 tamen‘cera
1249 1267 1300 1309 et
1320 1273 1539 1309 rosaceo

515 1340 670 1393 facile
691 1347 924 1392 sanetur.
942 1337 1028 1392 sic
1047 1349 1098 1389 et
1115 1336 1289 1409 lepras
1308 1376 1324 1403 ,
1352 1349 1404 1388 et
1421 1354 1543 1407 pso-

514 1437 600 1472 ras
617 1417 755 1471 tollit
771 1435 975 1488 semper
994 1415 1164 1478 facile,
1175 1429 1226 1468 et
1238 1413 1543 1469 cicatricum

515 1499 689 1550 ulcera
700 1521 741 1546 ιι.
749 1494 928 1549 Nostri
941 1493 1190 1566 lepidium
1206 1493 1545 1565 interpretan-

515 1589 606 1630 tur
623 1574 973 1646 lffeffcrkraut,
997 1577 1143 1626 wilde
1155 1577 1337 1625 Kresse
1355 1572 1543 1642 (herba

516 1653 922 1728 piperatn,Gall.
943 1673 1142 1704 cresson
1166 1672 1396 1721 sauuage.
1413 1653 1547 1722 Eu.)

593 1737 712 1787 126.
731 1735 986 1805 Proficemr
996 1735 1196 1784 nomine
1212 1735 1384 1783 Graio.
1411 1735 1541 1782 Gra·-

519 1833 630 1864 cum
659 1832 840 1864 nomen
864 1813 1088 1880 lepidium
1105 1831 1138 1860 a
1155 1809 1290 1870 λεπὶς
1301 1851 1316 1876 ,
1333 1809 1459 1882 quia
1476 1808 1546 1862 de

525 1893 662 1947 facie
689 1891 950 1954 maculas,
973 1889 1060 1950 τὰς
1086 1885 1289 1950 &tvi-idac
1307 1929 1324 1956 ,
1352 1888 1511 1941 delet.

595 1989 714 2042 127.
745 1970 1005 2037 confertur
1023 1967 1110 2022 Sa.

597 2069 620 2104 1
631 2051 713 2104 28.
741 2051 942 2100 Pariter
955 2047 1094 2117 plebe·
1105 2049 1310 2118 regique
1327 2049 1547 2115 superbo.

523 2129 664 2183 Tum
700 2147 934 2202 quoque,
955 2127 1127 2200 inquit
1144 2164 1161 2190 ,
1203 2125 1429 2180 serenda
1469 2138 1549 2178 est

534 2210 787 2270 brassica,
809 2225 925 2280 quoe
938 2219 988 2261 et
1012 2207 1280 2260 nobilibus
1307 2205 1468 2258 servit
1496 2215 1551 2258 et

531 2289 712 2363 plebi,
731 2300 781 2340 et
799 2287 974 2339 hieme
993 2286 1172 2340 caules
1191 2285 1380 2338 emittit
1393 2322 1408 2350 ‚
1429 2304 1548 2338 ver-

525 2390 596 2422 no
624 2381 862 2441 tempore
887 2378 1110 2441 cymata.
1137 2364 1274 2419 Inde
1297 2364 1553 2419 describit

524 2449 878 2502 brassicarum
933 2464 1144 2517 genera.
1185 2446 1431 2498 Pomon.
1479 2476 1552 2484 —

525 2528 812 2582 Brassicam
835 2528 909 2581 M.
944 2526 1078 2579 Cato
1101 2524 1230 2578 dicit
1264 2550 1287 2571 ι
1303 2524 1552 2578 omnibus

527 2608 762 2662 oleribus
786 2606 1073 2660 antistare·
1093 2645 1107 2669 ,
1145 2623 1306 2677 qnam
1326 2616 1380 2658 et
1401 2604 1551 2658 miris

523 2687 777 2742 laudibus
818 2686 978 2739 effert
995 2725 1011 2751 ,
1061 2686 1280 2757 ejusque
1328 2702 1550 2757 genera,

526 2788 653 2824 usus
693 2780 745 2821 et
775 2765 1065 2818 medicinas
1114 2777 1390 2817 enumerat
1433 2782 1550 2835 cap.

533 2850 630 2922 157
653 2858 704 2902 et
737 2844 852 2900 158.
891 2844 1097 2898 Pariter
1123 2842 1328 2896 Plinius
1355 2864 1551 2898 consu-

530 2928 750 2993 lendus,
793 2925 922 2979 xlx
943 2964 960 2989 ,
998 2926 1053 2981 8,
1083 2943 1122 2977 s.
1152 2932 1237 2989 41.
1275 2926 1338 2976 In
1362 2925 1551 2978 lautio-

528 3026 650 3061 rum
694 3004 856 3059 coenis
901 3004 1128 3055 brassica
1178 3004 1338 3056 variis
1373 3004 1555 3057 condi·

529 3086 717 3141 mentis
743 3082 988 3155 adparari
1014 3082 1236 3145 solebat,
1262 3094 1316 3137 et
1341 3084 1554 3153 Apicius

529 3184 714 3239 cymas
741 3175 792 3215 et
832 3161 1088 3215 coliculos
1120 3162 1403 3215 condiendi
1441 3182 1555 3217 mo·

534 3242 665 3297 dum
692 3240 908 3303 edocet,
937 3240 1028 3293 lib.
1058 3242 1166 3308 111,
1187 3260 1300 3313 cap.
1322 3258 1374 3315 9.

609 3340 725 3392 ¹²9·
759 3324 897 3373 Veris
913 3322 963 3374 J.
990 3320 1049 3373 B.
1068 3322 1125 3374 R.
1141 3333 1193 3374 et
1217 3320 1296 3373 vir
1313 3322 1452 3374 doct.
1475 3319 1548 3376 ad

529 3400 648 3456 Ald.
676 3404 858 3452 citriam
886 3400 1022 3451 D.—
1041 3404 1158 3451 Veri
1176 3416 1374 3466 cymam
1391 3402 1549 3454 mittit.

535 3488 740 3549 Qrmata
765 3516 781 3543 ,
835 3478 982 3551 quasi
1030 3480 1289 3551 κυήματα,
1339 3494 1520 3551 partus
1535 3520 1551 3547 ,

533 3561 650 3614 aliis
680 3558 808 3611 locis
835 3557 1132 3613 Columella
1165 3572 1216 3611 et
1259 3558 1344 3611 alii
1384 3580 1550 3626 cymas

531 3638 817 3712 adpellant.
844 3635 1064 3706 Proprie
1083 3648 1202 3689 sunt
1228 3639 1456 3709 primi-ct
1486 3650 1553 3692 te·

529 3719 766 3773 neriorcs
803 3716 1046 3768 brassica
1081 3715 1323 3782 coliculi,
1350 3715 1439 3771 sed
1463 3738 1552 3791 ge-

529 3799 750 3851 neratim
761 3796 1062 3868 plantarum
1081 3796 1403 3851 summitates
1417 3808 1467 3851 et
1481 3811 1555 3851 te-

531 3896 660 3931 nera
703 3872 980 3929 cacumina
1009 3892 1072 3926 eo
1096 3876 1356 3928 vocabulo
1397 3877 1558 3949 signi·

535 3958 708 4022 ficari,
727 3966 777 4007 et
800 3972 827 4005 a
849 3954 1030 4018 caule,
1053 3969 1114 4007 ut
1139 3968 1343 4026 partem
1365 3978 1390 4009 a
1408 3972 1519 4013 toto
1541 3998 1556 4023 ,

532 4033 812 4106 distingui,
841 4032 1066 4085 ostendit
1104 4034 1394 4104 nemesius,
1420 4040 1552 4094 Var.

1630 1175 1755 1230 lect.
1784 1175 1862 1244 Π·,
1886 1175 1937 1242 8,
1962 1195 2019 1250 p.
2066 1175 2184 1245 195.
2216 1178 2378 1240 Cymoe
2412 1185 2463 1228 et
2488 1177 2649 1225 caulis

1631 1255 1918 1311 discrimen
1960 1255 2121 1308 etiam
2162 1251 2364 1308 indicat
2400 1253 2539 1306 alius
2576 1253 2653 1304 lo·

1631 1353 1725 1389 cns
1752 1336 1961 1389 Colum.
1991 1335 2070 1386 XI
2092 1371 2108 1398 ,
2134 1333 2188 1398 3,
2216 1339 2311 1396 24:
2356 1356 2379 1378 ι
2408 1331 2653 1384 nonnulli

1630 1415 1915 1470 brassicam
1955 1415 2085 1468 locis
2121 1411 2468 1486 apricioribus
2493 1431 2526 1465 a
2556 1411 2653 1465 Ca-

1632 1495 1773 1549 lend.
1793 1493 1999 1550 Martiis
2027 1490 2333 1566 deponunt:
2367 1490 2457 1544 sed
2482 1493 2652 1564 major

1632 1593 1754 1647 pars
1791 1577 1907 1647 ejus
1948 1573 2004 1624 in
2034 1590 2247 1645 cymam
2288 1571 2519 1643 prosilit,
2552 1587 2652 1623 nec

1632 1665 1812 1726 postea
1850 1653 2130 1705 hibernum
2167 1651 2373 1705 caulem
2412 1650 2650 1721 amplum

1632 1731 1787 1799 facit,
1813 1752 1978 1804 quum
2008 1743 2085 1785 est
2112 1729 2269 1784 semel
2302 1729 2556 1784 defecta».

1708 1813 1825 1866 130.
1855 1819 1969 1880 Qua
1983 1809 2215 1864 virdoct.
2230 1812 2500 1879 cesposoA.
2526 1801 2653 1880 Arg.

1632 1891 1726 1947 Gr.
1752 1891 1827 1945 St.
1856 1893 2005 1945 Com.
2045 1909 2221 1959 ceposo
2259 1891 2325 1943 D.
2366 1888 2476 1942 Pol.
2498 1889 2649 1941 Jens.

1631 1986 1797 2041 reposo
1824 1971 1966 2043 Lips.
1990 1973 2181 2038 piscoso
2221 1969 2305 2022 vir
2333 1967 2471 2022 doct.
2504 1971 2655 2022 Thes-

1624 2066 1771 2121 protu
1814 2050 1925 2102 niv.
1964 2049 2049 2104 Sic
2074 2048 2301 2102 correxit
2323 2049 2552 2121 Scaliger
2578 2047 2651 2104 ad

1636 2131 1752 2184 Cul.
1777 2129 1934 2200 Virg.
1967 2147 2019 2180 v·
2055 2135 2150 2192 14,
2196 2129 2315 2200 quia
2347 2129 2653 2202 Cumanum

1636 2209 1760 2264 litus
1788 2209 1857 2260 ab
1886 2206 2213 2272 Abanfihns,
2234 2208 2325 2276 qui
2359 2227 2423 2260 ex
2449 2209 2653 2262 Euboea

1636 2287 1691 2341 in
1706 2287 2104 2359 Thesprotiam,
2118 2298 2172 2339 et
2184 2286 2307 2340 inde
2330 2286 2385 2340 in
2404 2305 2651 2360 magnam

1636 2368 1896 2423 Graeciam
1914 2380 2171 2421 venerunt
2174 2380 2513 2439 ‚occupatum
2532 2367 2653 2423 fuit.

1638 2482 1709 2491 —
1726 2455 1849 2516 Quae
1870 2452 2090 2519 pariunt.
2116 2447 2451 2501 Enumerat
2426 2466 2539 2520 Jam
2563 2466 2657 2501 va-

1638 2530 1744 2581 rias
1769 2527 2011 2583 brassicae
2030 2528 2252 2599 specics,
2273 2547 2391 2600 quas
2409 2528 2466 2581 in
2494 2528 2656 2582 variis

1637 2608 1797 2661 Italiae
1841 2606 2146 2681 regionibus
2200 2609 2477 2673 coluntur,
2524 2626 2655 2679 qua-

1638 2704 1867 2759 rumque
1887 2686 2235 2761 proprietates
2251 2688 2615 2760 Pomponius·
2599 2708 2655 2739 m

1637 2779 1748 2821 not.
1782 2767 1961 2820 nescio
1987 2786 2096 2838 quo
2114 2779 2356 2835 auctore,
2386 2767 2654 2834 describit,

1642 2852 1847 2917 Ces-poso
1908 2851 2048 2901 litore
2065 2888 2082 2915 ,
2126 2847 2273 2920 quod
2314 2850 2372 2901 in
2418 2847 2657 2921 plurimis

1640 2927 1791 2981 editt.
1813 2941 1906 2993 est,
1928 2926 2011 2979 vix
2042 2940 2180 2981 stare
2204 2940 2379 3000 potest
2396 2968 2412 2993 ,
2439 2928 2563 3001 quia
2590 2946 2658 2980 ex

1640 3008 1875 3079 analogia
1912 3006 2102 3078 lingua
2135 3010 2394 3072 cespicosus
2423 3007 2657 3061 scriben-

1638 3087 1769 3140 dum
1784 3098 1876 3139 est.
1900 3090 2159 3153 Thesprotu
2174 3084 2312 3137 Scali
2317 3084 2429 3153 geri
2442 3124 2457 3147 ,
2472 3102 2658 3155 quam-

1638 3167 1717 3219 vis
1741 3167 1893 3219 etiam
1920 3163 2116 3216 Rivino
2140 3161 2389 3235 placitum
2407 3202 2423 3227 ,
2444 3161 2657 3234 longius

1640 3245 1943 3299 arcessitum
1972 3240 2201 3294 videtur.
2227 3245 2410 3311 Ceposo
2428 3280 2443 3304 ,
2466 3246 2521 3294 in
2547 3260 2658 3314 quo

1636 3326 1745 3381 sere
1766 3322 2103 3377 consentiunt
2123 3320 2277 3383 MSS,
2292 3322 2520 3376 maxime
2548 3324 2659 3395 pla-

1638 3416 1723 3459 cet
1738 3402 1973 3457 Gesnero
1988 3442 2003 3468 ,
2020 3413 2079 3453 ut
2099 3420 2318 3474 ceposas
2336 3402 2533 3456 Cumas
2546 3403 2659 3456 lau·

1640 3484 1780 3538 darit
1796 3524 1813 3550 ‚
1866 3482 2135 3555 quomodo
2190 3480 2383 3535 deinde
2439 3486 2657 3535 An'ciam

1631 3566 1773 3635 porri
1795 3578 1999 3615 matrem
2014 3585 2035 3625 ,-
2053 3563 2296 3636 quamvis
2321 3563 2537 3617 aliunde
2550 3583 2657 3617 non

1640 3654 1872 3711 constet,
1908 3662 2157 3715 ceparum
2185 3642 2333 3697 ferax
2367 3642 2501 3697 illud
2536 3644 2659 3697 litus

1643 3723 1817 3778 fuisse.

1716 3802 1833 3857 131.
1860 3808 1982 3871 Quae
1998 3805 2145 3873 signa
2172 3804 2229 3857 B.
2246 3804 2313 3857 R.
2341 3810 2453 3871 Qua
2469 3808 2661 3855 Marm-

1642 3886 1927 3951 cini—qua
1946 3884 2095 3951 signa
2117 3884 2193 3937 vir
2210 3883 2351 3936 doct.
2368 3888 2559 3951 Lepmaeo
2568 3880 2655 3933 Sa.

1644 3964 1791 4016 Dem.
1824 3994 1893 4003 —
1926 3966 2201 4016 Marrucini
2232 3960 2459 4035 populus
2495 3958 2661 4012 Italiae

1645 4042 1784 4095 inter
1822 4042 2045 4095 Marsos.
2072 4044 2241 4112 Signia
2278 4038 2531 4113 oppidum
2560 4038 2659 4091 La·
