2964 4690
547 376 686 451 338
1298 348 1902 451 VERSIONES

628 524 939 575 cesserunt
976 508 1289 598 Symposii
1326 512 1674 599 oem‘gmata
1700 557 1717 590 ‚
1769 508 2018 577 Gabriae
2071 508 2302 572 fabulae
2325 556 2343 589 ,
2397 511 2672 573 Antonii

631 616 937 681 Liberalis
964 614 1520 704 Metamorphoses
1540 663 1558 697 ,
1589 638 1684 705 gr.
1714 630 1780 679 et
1799 616 1906 679 lat.
1937 628 2004 677 et
2027 614 2284 678 Senecae
2301 660 2322 693 ‚
2357 613 2512 678 item
2538 614 2674 679 Pu-

630 721 745 786 blii
777 716 921 810 Syri
960 710 1341 799 Sententiae,
1376 743 1534 786 cura
1566 736 1632 785 et
1669 718 1886 784 studio
1915 718 2020 783 Jo.·
2063 716 2318 807 Gemgii
2355 720 2451 785 W
2441 718 2668 783 alo-hii.

630 826 859 914 Lipsiae
894 848 998 891 an.
1034 822 1233 913 1713,
1264 848 1391 890 rec.
1434 828 1638 915 1724,
1671 825 1885 889 iil-12.

544 1039 717 1103 XVI.
768 1037 974 1105 Mich.
1020 1039 1379 1103 Maittarius
1418 1039 1590 1103 inter
1638 1036 1847 1127 Opera
1887 1052 1951 1102 et
1964 1034 2354 1124 fragmenta
2391 1052 2672 1102 veterum

612 1160 950 1235 poetarum
996 1144 1210 1210 Latin.
1262 1144 1469 1209 Lond.
1531 1145 1696 1231 1713
1719 1190 1737 1227 ,
1778 1146 1888 1208 fol.
1933 1142 2116 1207 Coeliz·
2147 1145 2457 1231 Synpost'i
2482 1147 2672 1207 AEm'-

623 1261 854 1337 gmata
884 1249 1179 1313 exhibuit
1203 1250 1331 1314 vol.
1365 1250 1427 1313 II
1447 1297 1468 1331 ,
1503 1270 1651 1339 pag.
1689 1250 1872 1335 1609.

540 1446 743 1525 XVII.
768 1458 1076 1546 Sequitur
1100 1458 1620 1547 praestantissima
1644 1473 1708 1521 et
1728 1456 2226 1544 locupletissima
2253 1453 2452 1519 editio
2479 1459 2552 1522 C.
2583 1460 2666 1522 A.

624 1566 993 1629 Heumanni
1007 1610 1027 1646 ,
1070 1562 1441 1652 AEnigmata
1482 1577 1812 1651 tamquam
1858 1562 2262 1650 symposium
2283 1610 2302 1643 ,
2346 1562 2450 1626 vel
2492 1584 2665 1651 sym-

623 1670 909 1757 poeiaeas
956 1668 1345 1755 quaestiones
1366 1715 1384 1749 ‚
1434 1668 1764 1731 Firmiano
1810 1667 2140 1732 Lactantio
2181 1667 2428 1731 auctori
2460 1668 2670 1732 vindi-

624 1775 865 1857 cantis,
910 1776 1162 1839 Hanov.
1218 1797 1423 1861 1722,
1460 1772 1640 1838 ira-8.
1691 1772 1957 1853 Adjeeta
2000 1789 2100 1837 est
2144 1772 2226 1836 ab
2276 1774 2666 1838 Heumanno

624 1879 1187 1944 Dissenatiuncula
1238 1892 1461 1944 contra
1513 1880 1594 1942 V.
1651 1877 1721 1944 C.
1779 1876 1990 1944 Nicol.
2046 1879 2124 1943 Ν
2119 1882 2356 1943 arv-ium
2369 1926 2392 1958 ,
2441 1877 2667 1942 librum

622 1984 701 2049 de
735 1985 1031 2049 mortibus
1048 1998 1564 2073 persequutorum
1591 1984 1928 2049 Lactantio
1953 1983 2420 2073 abjudicancem
2435 2030 2456 2064 ,
2487 1989 2667 2047 item-

618 2112 738 2179 que
751 2089 1051 2175 Symbola
1079 2090 1314 2155 Critica
1336 2090 1431 2153 ad
1448 2088 1872 2154 Lactantium.
1897 2090 1995 2152 De
2013 2112 2086 2153 ea
2103 2089 2387 2154 editione
2403 2089 2667 2154 abunde

622 2196 871 2284 egimus
905 2196 1203 2284 superius
1245 2196 1311 2258 in
1350 2194 1677 2259 Prooemio
1719 2211 1979 2275 nostre,
2011 2194 2181 2259 sicut
2215 2194 2406 2258 etiam
2449 2194 2532 2259 de
2563 2218 2666 2261 se-

622 2317 897 2388 quente,
929 2322 1135 2390 eaque
1165 2300 1640 2366 recentissima:

535 2499 779 2562 xvlu.
826 2496 1088 2562 Centum
1124 2501 1509 2585 AEnigmata
1542 2511 1762 2561 vetera
1781 2544 1802 2575 ‚
1839 2497 1955 2561 diu
1987 2497 2100 2561 sub
2132 2498 2441 2584 Symposii
2453 2513 2670 2585 poetoe

622 2603 871 2666 nomine
900 2603 1277 2688 eiscumlata
1298 2649 1316 2684 ,
1351 2603 1577 2668 deinde
1609 2625 1654 2664 a
1687 2603 2008 2668 nonnullis
2047 2617 2378 2690 tamquam
2417 2623 2666 2690 ὕπερο-

624 2708 783 2772 sium
810 2730 855 2770 a
882 2705 1222 2771 Lactantio
1246 2710 1660 2796 conscriptum
1689 2707 1880 2772 edita.
1911 2709 2260 2773 Recensuit
2275 2757 2294 2790 ‚
2325 2709 2670 2773 illustravit

622 2825 815 2899 atque
846 2810 1147 2898 praefatus
1181 2825 1279 2875 est
1309 2810 1401 2874 M.
1443 2811 1635 2875 Ioan.
1679 2811 1857 2876 Fn'd.
1900 2812 2206 2899 Hernatz.
2247 2813 2546 2878 Francos.
2581 2812 2666 2877 ad

621 2915 837 2981 Viadr.
882 2913 1046 3003 1775
1064 2963 1085 2999 ‚
1116 2914 1279 2978 in-8.

532 3106 709 3170 XIX.
772 3105 929 3169 Post
988 3103 1362 3167 Heumanni
1420 3124 1684 3190 operam
1743 3102 2112 3191 AEnigmata
2163 3102 2494 3166 Lactantio
2547 3105 2670 3166 tri-

618 3208 882 3273 buentis
900 3255 919 3288 ‚
942 3207 1080 3270 haec
1096 3207 1566 3271 recentioribus
1586 3207 1880 3294 Operum
1901 3206 2209 3271 Lactanfii
2237 3206 2633 3271 editionibus
2647 3257 2670 3290 ‚

619 3313 812 3378 titulo
864 3311 1184 3400 Symposii
1230 3310 1625 3375 Laetantiani
1647 3359 1666 3392 ,
1713 3327 2124 3375 accesserunt
2147 3357 2166 3392 ,
2206 3327 2284 3375 ut
2327 3311 2670 3378 Heuman-

617 3417 860 3499 nianae,
890 3416 1465 3500 Bunemannianae‚
1498 3417 1758 3481 Halensi
1780 3464 1796 3497 ,
1819 3417 1972 3480 item
1999 3415 2344 3482 Parisiensi
2369 3416 2672 3507 Lengleti

617 3522 707 3588 du
732 3524 1026 3608 Fresnoy,
1060 3538 1220 3588 tom.
1252 3523 1348 3606 ΙΙ,
1380 3545 1528 3612 pag.
1559 3520 1680 3587 251
1719 3545 1898 3610 seqq.

618 3757 713 3826 Ex
756 3757 877 3820 ista
924 3758 1088 3822 serie
1126 3758 1425 3822 omnium
1460 3758 1783 3846 Symposii
1815 3757 2180 3822 editionum
2221 3757 2276 3820 si
2315 3755 2464 3843 quia
2499 3756 2682 3820 sele—

530 3877 707 3926 ctum
732 3862 1247 3949 praestantiorum
1272 3865 1481 3928 facere
1501 3865 1691 3946 velit,
1721 3879 1850 3928 tres
1875 3863 2146 3928 omnino
2176 3861 2455 3949 reperiet
2477 3861 2682 3949 prin-

532 3969 744 4056 cipeS,
782 3989 925 4054 quae
962 3966 1245 4033 diversos
1280 3969 1441 4034 MSS
1481 3968 1735 4034 codices
1780 3983 2270 4056 expresserunt,
2307 3982 2372 4031 et
2409 3967 2680 4034 caeteris

528 4071 886 4137 editoribus
929 4072 1129 4137 duces
1173 4089 1239 4138 et
1277 4091 1572 4140 auctores
1615 4090 2034 4156 exstiterunt,
2071 4095 2306 4161 nempe
2337 4073 2642 4138 Pen‘om’i
2653 4123 2680 4158 ,
