2964 4690
608 353 745 419 DE
792 352 1059 422 ALIIS
1108 356 1762 423 AENIGMATUM
1815 356 2107 425 AUCT.
2283 358 2420 453 327

298 479 490 543 ber-tus
515 526 535 558 ,
594 480 881 543 Clericus
944 479 1315 547 Leodiensis
1338 530 1357 564 ,
1418 482 1584 545 circa
1643 506 1891 546 annum
1960 489 2126 562 1040
2177 486 2425 569 clarus,

298 585 543 672 scripsit
598 587 869 651 metrico
921 587 1089 674 stylo
1143 588 1224 651 de
1278 589 1720 675 aenigmatibus
1785 591 2118 653 rusticanis
2187 592 2424 655 librum

296 691 501 777 primo
560 691 821 754 brevem
846 738 867 769 ,
914 692 1026 755 sed
1078 694 1383 781 ampliato
1430 694 1700 756 rationis
1759 710 1986 758 tenore
2043 696 2298 784 scripsit
2341 695 2424 761 de

295 795 511 862 eadem
549 822 619 863 re
652 800 917 863 metrice
948 801 1223 865 alterum
1251 800 1494 863 librum
1528 800 1955 881 majusculum
1976 849 1995 882 ,
2027 818 2104 865 ut
2131 801 2426 890 loquitur

297 900 667 989 Sigebertus
714 904 974 968 Gembl.
1020 926 1156 992 cap.
1220 904 1362 995 146.
1404 905 1683 969 Ioannes
1732 905 2052 970 Lelandus
2073 954 2094 988 ,
2125 922 2201 970 ut
2231 909 2430 973 refert

296 1008 721 1073 Heumannus
740 1009 924 1073 Praef.
948 1019 979 1085 ς
1002 1008 1108 1090 34,
1124 1024 1395 1075 testatur
1413 1010 1479 1073 in
1501 1011 1921 1077 collectaneis
1939 1013 2104 1094 suis,
2129 1030 2286 1076 tom.
2309 1014 2426 1095 111,

296 1136 355 1201 p.
396 1113 519 1191 154
539 1161 561 1195 ,
604 1113 719 1178 161
759 1132 825 1179 et
864 1114 985 1179 163
1004 1164 1025 1198 ,
1047 1115 1278 1203 saepius
1306 1116 1374 1179 in
1405 1115 1814 1181 bibliothecis
1842 1117 2211 1206 Anglicanis
2243 1140 2428 1205 repe·

296 1220 399 1283 riri
430 1219 666 1285 eodem
698 1222 1046 1301 conjuncta
1073 1222 1405 1286 volumine
1435 1222 1806 1313 AEnigmata
1843 1223 2202 1305 Aldhelmi,
2235 1224 2424 1313 Sym-

295 1325 491 1413 posii,
524 1326 828 1407 Eusebii‚
861 1342 928 1391 et
957 1326 1287 1408 Tautuni3
1335 1326 1449 1391 ubi
1481 1326 1750 1415 quidem
1771 1377 1790 1409 ,
1825 1329 1940 1415 qui
1971 1329 2292 1394 Eusebius
2321 1330 2427 1393 ille

294 1432 374 1495 sit
391 1480 410 1514 ,
437 1454 625 1520 aeque
652 1433 816 1496 mihi
842 1454 917 1497 ac
944 1436 1335 1499 Heumanno
1360 1434 1662 1522 ignotum
1693 1457 1832 1498 esse
1862 1433 2088 1517 fateor,
2115 1436 2228 1499 sed
2257 1437 2430 1499 Tau-

296 1540 435 1603 tuni
472 1540 599 1605 sub
638 1541 905 1605 nomine
942 1564 1079 1605 non
1114 1542 1436 1606 Thomam
1462 1589 1481 1621 ,
1521 1558 1596 1605 ut
1629 1544 2059 1607 Heumannus
2100 1544 2438 1631 opinatur,¹

294 1644 405 1709 sed
448 1644 904 1726 Tathwinum,
940 1643 1136 1733 quem
1172 1647 1413 1711 Baloeus
1446 1643 1756 1734 adpellat,
1790 1664 1956 1734 puto
1983 1648 2272 1738 intelligi.
2311 1649 2432 1713 De-

297 1751 491 1839 nique
551 1752 731 1819 Tulli
762 1753 981 1817 nescio
1038 1754 1224 1833 cujus
1257 1753 1592 1841 oenigmata
1644 1754 2012 1818 hexasticha
2055 1778 2089 1818 a
2139 1755 2430 1834 Labbeo,

298 1858 451 1921 Bibl.
492 1858 683 1941 MSS,
716 1880 862 1946 pag.
900 1856 1021 1933 63,
1060 1856 1403 1922 memorari
1435 1856 1678 1921 indicat
1700 1858 2061 1940 Fabricius,
2095 1859 2254 1923 Bibl.
2285 1860 2426 1922 Lat.

297 1962 335 2027 l.
362 1986 415 2027 c.
442 1962 766 2025 Praetereo
802 1961 1019 2049 plures
1052 1961 1211 2024 alios
1241 1962 1617 2024 recentioris
1658 1963 1864 2026 aetatis·
1892 1980 2190 2028 auctores
2206 2012 2224 2045 ,
2257 1988 2432 2053 quo-

298 2092 441 2133 rum
485 2069 825 2156 aenigmata
865 2066 1103 2153 passim
1150 2064 1496 2141 exstantia,
1533 2066 1827 2152 quamvis
1866 2090 2000 2131 non
2033 2070 2285 2157 optimo
2317 2097 2428 2137 or-

296 2174 445 2237 dine
465 2221 487 2255 ,
535 2186 843 2261 congesta
906 2170 1204 2235 exhibuit
1260 2168 1405 2236 Nic.
1468 2172 1842 2237 Reusnerus
1897 2172 1965 2237 in
2019 2172 2430 2266 AEnigmato-

298 2279 578 2369 graphia.

380 2389 479 2451 De
522 2385 1145 2452 commentatoribus
1181 2401 1247 2450 et
1282 2385 1746 2473 interpretibus
1789 2387 2204 2476 aenigmatum
2236 2392 2428 2480 Sym-

298 2494 456 2582 posii
500 2509 578 2556 ut
614 2516 793 2557 nunc
838 2492 1127 2558 dicamus
1147 2541 1166 2574 ,
1206 2492 1423 2580 plures
1468 2492 1572 2556 ille
1615 2509 1848 2561 nactus
1891 2511 1988 2558 est
2033 2517 2168 2559 non
2213 2498 2432 2563 indili-

296 2608 539 2687 gentes.
591 2598 850 2662 Primus
902 2599 1071 2662 hanc
1118 2619 1381 2686 operam
1437 2598 1718 2684 sumpsit
1765 2599 1898 2662 Ios.
1953 2601 2264 2678 Castali0‚
2311 2605 2428 2691 qui

294 2705 661 2795 AEnigmata
695 2705 1018 2794 Symposii
1044 2719 1253 2791 poetae
1282 2725 1435 2768 cum
1466 2702 1726 2767 scholiis
1755 2702 1956 2767 edidit
1983 2705 2207 2770 Romae
2237 2707 2426 2791 1581,

296 2811 460 2891 in-4.
494 2811 911 2899 Quamquam
938 2811 1112 2874 enim
1140 2808 1502 2876 Castalione
1526 2808 1706 2898 prior
1735 2809 1856 2873 Lil.
1883 2809 2074 2900 Greg.
2103 2811 2426 2901 Gyraldus

294 2916 583 2980 libellum
624 2915 1013 3005 singularem
1038 2963 1059 2997 ,
1104 2915 1171 2976 in
1219 2936 1353 3002 quo
1398 2913 1736 3001 aenigmata
1775 2913 2080 3002 pleraque
2117 2917 2426 3005 antiquo-

294 3044 440 3086 rum
496 3021 929 3110 explicantur,
996 3018 1199 3084 edidit
1218 3067 1237 3100 ,
1298 3017 1625 3106 Symposii
1680 3035 1897 3084 tamen
1949 3019 2057 3084 ille
2119 3043 2252 3087 non
2301 3023 2427 3086 nisi

296 3151 503 3192 unum
544 3127 819 3216 oenigma
836 3175 856 3207 ,
911 3125 1113 3214 idque
1145 3123 1633 3214 praetereundo,
1669 3124 1931 3214 adtigit,
1963 3142 2029 3190 et
2071 3125 2192 3190 alia
2211 3176 2230 3208 ,
2281 3151 2426 3216 qum

294 3235 415 3299 sibi
442 3232 705 3300 recitata
744 3235 824 3298 ab
862 3233 1071 3298 amico
1108 3232 1299 3314 dicit,
1330 3231 1484 3321 quia
1521 3230 1962 3321 frigidiuscula
1999 3232 2124 3296 sibi
2161 3235 2295 3298 visa
2329 3257 2432 3300 es-

296 3355 475 3416 seut,
525 3337 791 3428 indigna
832 3339 1037 3402 relatu
1082 3339 1405 3425 reputavit
1434 3337 1554 3424 (1).
1602 3337 1680 3400 In
1711 3337 1906 3402 altera
1932 3336 2216 3402 editione
2239 3339 2428 3427 Sym·

296 3447 494 3533 posii,
532 3469 729 3533 quam
760 3445 983 3510 Romae
1024 3467 1128 3509 an.
1175 3445 1335 3529 1607
1372 3444 1742 3531 procuravit
1774 3441 2084 3524 Castalio,
2127 3444 2328 3508 multa
2357 3446 2426 3509 in

300 3551 557 3619 scholiis
588 3551 823 3639 prioris
868 3548 1171 3614 editionis
1200 3548 1475 3612 mutavit
1494 3595 1513 3627 ,
1547 3548 1748 3610 multa
1783 3546 2002 3611 omisit
2021 3594 2042 3628 ,
2082 3565 2276 3636 atque
2314 3549 2430 3615 ad-

300 3655 463 3720 didit
500 3656 759 3743 pariter,
794 3677 1000 3742 quum
1045 3653 1291 3716 interea
1331 3650 1564 3714 Pithoei
1592 3649 1940 3714 editionem
1971 3651 2226 3716 Parisiis
2260 3653 2428 3740 1590

300 3763 527 3826 factam
567 3775 1016 3849 comparasset.
1064 3755 1481 3822 Auctioribus
1522 3753 1780 3818 scholiis
1823 3754 2204 3820 instructam
2247 3780 2384 3822 esse
2406 3805 2426 3840 ,

366 3985 447 4054 (1)
478 3984 608 4058 Pag.
640 3985 703 4040 51
749 3983 869 4038 edit.
905 3983 1269 4038 Reumerianae
1308 3981 1361 4033 in
1400 3978 1784 4050 AEnigmatogr.
1823 3991 1873 4031 et
1900 3989 2044 4032 tomo
2073 3980 2128 4031 11
2157 3979 2430 4051 Operum,

304 4091 417 4144 pag.
446 4072 569 4126 635.
