2964 4690
573 333 1088 402 DIVERSUS
1139 333 1260 408 AB
1307 330 2147 414 ELEGIO'GRAPHO.
2283 350 2402 421 ¹7¹

299 466 375 530 ab
414 487 494 528 eo
539 477 806 528 auctore
851 459 1144 528 eamdem
1175 465 1559 531 sententiam
1598 461 1681 528 de
1714 460 1975 526 duobus
2014 455 2417 523 Maximianis

299 569 596 660 proponi.
621 569 726 632 Sic
753 568 928 632 enim
955 568 1060 632 ille
1091 590 1240 656 mp..
1259 569 1384 650 ΙΙΙ,
1413 575 1447 650 S
1473 571 1601 650 111,
1624 591 1767 656 pag.
1800 564 1883 632 50
1906 589 1923 630 ε
1946 565 2419 642 Maximianus,

301 697 490 764 quem
524 673 776 762 spernit
815 673 1282 746 Grammaticus
1325 673 1712 756 Alexander,
1762 693 1883 738 nec
1926 671 2050 736 fnit
2080 671 2378 735 Etruscus
2394 713 2417 746 ,

299 803 509 870 neque
551 779 1056 868 Elegiographus
1071 803 1100 860 ‚·
1146 779 1260 846 sed
1300 780 1563 848 natione
1612 777 1833 847 Gallus
1850 825 1871 858 ,
1916 792 1983 841 et
2032 771 2421 840 versificator

299 886 724 975 grammaticae
755 885 908 950 artis
929 932 948 964 ,
986 885 1054 950 in
1087 885 1428 952 Academia
1460 884 1803 953 Parisiensi
1836 883 1993 948 olim
2034 879 2277 969 perlegi
2314 899 2425 942 so·

297 991 420 1056 lim
437 1037 458 1072 ,
497 1013 696 1079 quem
725 989 956 1054 vixisse
987 1011 1092 1056 an.
1131 1011 1160 1054 1
1175 1011 1300 1061 aoo
1315 1001 1348 1071 ,'
1367 1005 1596 1055 auctor
1622 1003 1719 1054 est
1744 986 2015 1054 Carolus
2046 982 2327 1072 Gangius
2352 980 2424 1044 in

297 1095 356 1160 N
357 1096 794 1162 omenclatore
853 1093 936 1158 ad
995 1093 1396 1168 Glossarium
1457 1095 1762 1160 Latinum
1778 1140 1801 1176 ,
1854 1093 2123 1178 ejusque
2170 1086 2423 1178 regulas

299 1219 504 1266 metro
533 1203 952 1268 concinnatas
966 1249 986 1282 ,
1011 1200 1246 1266 alicubi
1283 1201 1454 1267 forte
1493 1223 1696 1290 nugas
1710 1245 1733 1282 ,
1759 1219 1971 1286 usque
2000 1193 2084 1260 ad
2115 1189 2421 1260 eumdem

297 1307 732 1376 Alexandrum
776 1307 1118 1378 invaluisse.
1131 1355 1154 1389 ,
1198 1307 1406 1396 palam
1453 1306 1527 1374 fit
1569 1330 1705 1371 non
1752 1305 1969 1374 minus
2008 1325 2086 1368 ex
2130 1298 2425 1366 versibus

295 1416 420 1496 jam
467 1413 752 1483 recitatis
766 1461 786 1498 ,
823 1435 1020 1501 quam
1069 1436 1148 1480 ex
1193 1415 1444 1481 Caesare
1482 1413 1749 1502 Egassio
1782 1411 2001 1476 Bulaeo
2033 1409 2101 1474 in
2142 1404 2426 1472 Historia

301 1521 748 1586 Universitatis
793 1519 1198 1602 parisiensis,
1232 1535 1390 1586 tom.
1421 1521 1491 1600 1,
1533 1541 1677 1608 pag.
1722 1517 1869 1606 517.
1916 1518 2067 1582 Haec
2110 1511 2427 1580 sententia

299 1649 448 1692 vero
479 1627 676 1692 etiam
716 1626 986 1715 propius
1023 1625 1271 1692 accedit
1288 1673 1308 1708 ,
1345 1625 1527 1713 quod
1559 1645 1915 1714 puerorum
1946 1620 2246 1690 manibus
2274 1615 2424 1682 libri

299 1731 378 1798 de
414 1748 556 1798 arte
603 1732 1014 1821 grammatica
1057 1733 1390 1814 feruntur,
1445 1755 1581 1796 non
1635 1730 2017 1819 turpissimae
2064 1725 2295 1816 Elegiae
2341 1721 2424 1787 de

300 1838 634 1906 amoribus
669 1853 736 1904 et
767 1838 1070 1904 ebrietate
1090 1883 1110 1920 ,
1142 1837 1506 1918 cujusmodi
1549 1837 1649 1902 hae
1682 1851 1839 1904 sunt
1860 1884 1879 1918 ,
1920 1857 2063 1923 qum
2096 1828 2427 1898 Maximia-

301 1967 456 2008 num
501 1944 851 2011 Etruscum
872 1991 890 2024 ,
937 1944 1106 2014 vitiis
1153 1943 1741 2031 inquinatissimam
1772 1963 2047 2026 ¹senem,
2088 1951 2419 2002 auctorem

301 2051 560 2116 habent.
594 2051 748 2122 Haec
785 2051 1209 2116 FontaninuS.
1259 2053 1501 2116 Revera
1540 2066 1755 2114 tamen
1790 2047 2255 2114 Maximianum
2276 2041 2423 2106 Ele-

301 2155 728 2245 giographum
765 2155 836 2218 in
873 2156 1108 2220 scholis
1143 2157 1417 2239 lectum,
1451 2179 1530 2220 ex
1560 2157 1696 2220 aliis
1730 2152 2112 2219 testimoniis
2144 2161 2423 2228 constat,

301 2275 362 2324 et
409 2261 684 2324 fortasse
735 2262 1116 2332 communio
1166 2239 1450 2327 nominis
1500 2262 1687 2342 fecit,
1736 2276 1815 2326 ut
1860 2257 2249 2324 Maximiano
2284 2273 2424 2316 uno

302 2367 733 2433 Grammatico
785 2384 1047 2455 recepto
1069 2416 1090 2448 ,
1139 2370 1330 2436 etiam
1379 2368 1541 2433 alter
1582 2384 1775 2455 poeta
1794 2414 1815 2449 ,
1859 2363 2041 2453 quod
2091 2358 2423 2427 sententiis

302 2474 523 2547 creber
543 2522 565 2553 ,
613 2488 680 2539 et
722 2471 804 2539 de
847 2473 978 2537 vita
1019 2473 1309 2539 humana
1353 2474 1667 2542 nonnulla
1714 2496 1851 2539 non
1894 2472 2113 2559 inepte
2156 2486 2425 2533 monere

301 2576 638 2643 videbatur
655 2626 676 2659 ,
727 2594 1222 2667 proponeretur.
1262 2580 1577 2647 Caeterum
1621 2578 1813 2643 etiam
1849 2576 2272 2645 Maximianus
2312 2570 2426 2635 ali-

302 2684 438 2769 quis
458 2731 480 2765 ,
530 2683 812 2748 severior
871 2700 1058 2773 poeta
1077 2732 1094 2765 ‚
1140 2700 1208 2747 et
1264 2682 1615 2771 disciplinae
1660 2682 1823 2747 adeo
1866 2679 2425 2769 castigationisque

300 2810 536 2877 asperae
556 2788 1052 2855 commendator
1075 2806 1366 2877 repertus
1390 2790 1725 2875 lectusque
1748 2784 1965 2851 medio
1988 2808 2123 2877 awo
2143 2782 2419 2862 videtur,

301 2894 620 2984 siquidem
663 2896 942 2961 Iacobus
965 2895 1228 2984 Magni,
1275 2895 1390 2983 qui
1428 2896 1497 2962 in
1530 2892 1929 2982 Sophologio
1960 2888 2423 2957 Maximianum

301 3004 528 3091 saepius
561 3002 720 3067 citat
737 3049 756 3082 ,
790 3001 1078 3089 quodam
1123 3002 1270 3067 loeo
1315 3024 1535 3067 versus
1582 3001 1831 3088 aliquot
1872 2998 1993 3065 sub
2028 2994 2265 3073 eodem
2296 3015 2423 3057 no-

303 3108 474 3173 mine
505 3106 814 3189 adducit,
847 3108 962 3195 qui
1001 3108 1070 3170 in
1106 3107 1478 3174 Maximiani
1518 3106 1751 3196 Elegiis
1788 3102 1987 3169 hodie
2028 3124 2162 3167 non
2204 3100 2428 3187 legun-

301 3228 426 3293 tur,
459 3228 530 3277 et
559 3213 730 3301 stylo
761 3229 955 3300 atque
987 3235 1180 3279 sensu
1195 3260 1217 3295 ‚
1244 3228 1322 3277 ut
1345 3213 1434 3279 ita
1467 3211 1680 3280 dicam
1698 3259 1717 3293 ,
1756 3232 2021 3299 prorsus
2061 3205 2427 3283 monachali

299 3318 628 3407 concepti,
679 3318 998 3385 eruciatus
1046 3319 1334 3410 corporis
1378 3316 1834 3382 commendare
1876 3315 2211 3396 videntur,
2256 3334 2429 3405 quos»,

299 3422 417 3485 sihi
453 3422 758 3487 homines
791 3423 1070 3511 religiosi
1095 3422 1178 3489 ad
1205 3423 1591 3491 coercendas
1628 3421 1927 3499 libidines
1957 3422 2295 3509 imponere
2320 3441 2427 3483 so-

301 3528 450 3593 lent.
503 3528 760 3617 Nempe
807 3530 1186 3619 Sophologii
1225 3531 1392 3595 libro
1427 3532 1493 3595 11
1508 3579 1527 3611 ,
1570 3554 1706 3619 cap.
1738 3554 1775 3597 2
1799 3578 1817 3611 ,
1850 3528 2164 3619 quomodo,
2190 3537 2435 3604 natura,

297 3639 464 3725 cupit
489 3638 787 3717 vai-tutes,
815 3636 953 3713 haec
981 3635 1118 3701 duo
1144 3636 1515 3713 Maximiani
1542 3636 1817 3703 disticha
1841 3635 2073 3709 retem

577 3798 843 3871 Amplecti
874 3798 1128 3852 mundum
1161 3798 1515 3871 quorumdam
1544 3811 1661 3851 vota
1696 3800 1940 3852 laborant
1959 3837 1973 3861 ,

652 3884 758 3939 sed
778 3885 912 3941 voti·
933 3887 1108 3939 obstat
1129 3888 1346 3939 verbere
1371 3886 1497 3939 trita
1524 3906 1665 3940 caro.

581 3975 720 4027 Nam
743 3992 844 4027 nos
867 3993 896 4027 a
925 3974 1064 4029 vitiis
1095 3972 1372 4029 mundanis
1397 3992 1533 4047 soepe
1558 3974 1787 4031 retardat

655 4063 904 4135 Corporis
935 4063 1170 4117 anxietas
1187 4101 1204 4129 ,
1231 4062 1426 4119 damna
1444 4101 1461 4129 ,
1490 4062 1723 4137 flagella,
1752 4060 1934 4117 fames.
