2964 4690
485 334 620 404 232

1255 337 1830 406 MAXIMIANI

579 463 812 528 Restat
837 457 1086 544 adhuc,
1121 459 1537 554 nimiumque
1568 459 1695 528 sibi
1731 459 2027 553 speciosa
2060 457 2346 546 videtur,

684 571 902 662 Atque
937 593 1150 638 annos
1179 593 1439 640 mecum
1477 568 1758 664 despicit
1792 567 1903 638 illa
1940 593 2115 656 suos.

584 683 668 747 Et
709 679 941 766 fateor,
977 681 1204 774 primae
1243 681 1484 750 retinet
1522 693 1956 750 monumenta
1992 677 2257 774 figurae,

683 791 900 882 Atque
941 790 1115 858 inter
1151 791 1404 858 cineres
1446 789 1717 859 condita
1752 789 2017 858 flamma
2058 801 2303 858 manet.
2478 781 2485 786 ’
2564 814 2617 851 ³.

588 903 685 968 Ut
725 899 958 987 video,
1001 898 1298 994 pulchris
1329 900 1529 968 etiam
1566 925 1683 969 vos
1724 896 1997 993 parcitis
2021 950 2041 982 ‚
2080 897 2279 983 anni3

685 1012 828 1080 Nec
867 1010 1110 1078 veteris
1141 1007 1368 1078 formae
1411 1011 1627 1104 gratia
1659 1023 1801 1078 tota
1836 1006 2033 1102 perit.

587 1116 934 1212 Relliquiis
967 1133 1260 1188 veterum
1293 1119 1572 1212 juvenes
1608 1132 1971 1214 pascuntur
2014 1141 2350 1204 amorum,

685 1233 775 1298 Et
806 1231 860 1298 si
903 1229 1065 1322 quid
1101 1255 1282 1298 nunc
1315 1244 1450 1316 est,
1481 1228 1663 1322 quod
1700 1228 1825 1296 suit
1864 1241 2051 1316 ante,
2092 1225 2325 1321 placet.

491 1356 497 1364 “
589 1343 766 1410 Ante
799 1338 1026 1434 oculos
1059 1354 1360 1410 statuunt
1391 1341 1683 1434 primaevi
1720 1338 2041 1432 temporis
2071 1352 2293 1421 actuS,
2569 1353 2620 1390 ³⁵

693 1454 907 1544 Atque
943 1452 1012 1518 in
1043 1452 1448 1544 praeteritum
1484 1448 1910 1519 luxuriantur
1942 1473 2133 1542 opus.

503 1679 614 1720 erat
639 1685 652 1718 ε
699 1686 823 1720 nam
857 1669 913 1720 iu
953 1679 1282 1739 pentametro
1321 1687 1515 1722 casura

498 1748 714 1799 brevem
743 1745 966 1817 produci
992 1748 1123 1802 alias
1150 1748 1398 1802 diximus.
1418 1750 1518 1799 En.

499 1857 571 1866 -—
601 1829 845 1877 Caemleus
871 1827 1026 1896 inficit
1047 1845 1139 1876 ora
1165 1832 1318 1878 color.
1347 1826 1523 1896 Supra

502 1903 583 1955 El.
608 1905 634 1955 1
652 1942 668 1969 ,
693 1904 825 1968 134:
875 1929 898 1950 ι
915 1920 1058 1956 nunc
1083 1903 1264 1974 incipit
1286 1923 1375 1957 ora
1401 1905 1521 1957 Pal-

503 1984 590 2036 lor
607 1995 657 2036 et
669 1983 942 2054 exsanguis
962 1982 1310 2054 funereasque
1321 1983 1467 2035 color
1479 2009 1520 2028 »-

582 2081 668 2133 ²7·
691 2069 900 2113 Praestat
935 2064 1098 2113 adhuc
1135 2079 1320 2116 omnes
1343 2062 1525 2130 scripti

511 2153 564 2194 et
587 2142 765 2194 excusi
783 2179 802 2204 ‚
849 2159 956 2195 una
973 2151 1189 2210 excepta
1203 2139 1269 2192 G.
1293 2158 1412 2210 quo
1434 2145 1525 2192 Re·

512 2235 612 2273 stae
649 2218 895 2282 exhibet3
944 2217 1089 2291 quod
1137 2217 1525 2289 praeferendum

513 2301 662 2354 alteri
689 2299 848 2365 duco,
866 2311 924 2352 ut
943 2297 1210 2351 sententiae
1228 2297 1422 2368 aptius,
1437 2298 1530 2351 sibi

498 2382 728 2449 formosa
749 2378 849 2431 Gr.
874 2409 945 2419 —
985 2382 1151 2429 Restat
1189 2380 1378 2442 adhuc,
1414 2376 1451 2429 i.
1477 2396 1525 2429 e.

511 2468 748 2529 superest
761 2456 936 2509 adhuc
959 2467 1010 2509 et
1027 2467 1262 2509 remanet
1272 2455 1527 2527 speciosa,

515 2536 744 2607 talisque
762 2535 864 2589 sibi
884 2534 1110 2601 videtur,
1131 2534 1283 2605 quasi
1303 2553 1424 2605 qun
1445 2553 1527 2587 re·

523 2616 704 2669 sistere
725 2615 863 2666 oetnti
891 2614 1118 2668 venienti
1143 2613 1391 2685 potuerit.

589 2695 672 2747 28.
702 2696 918 2762 Despicit
943 2696 1049 2762 ipsa
1073 2714 1185 2745 suos
1215 2694 1281 2745 V.
1307 2704 1357 2745 et
1373 2691 1441 2745 G.
1459 2724 1532 2733 -—

521 2780 696 2826 Annos
718 2776 926 2841 despicit
943 2776 1032 2825 illa
1048 2794 1179 2825 suos.
1193 2772 1338 2825 Nihil
1351 2784 1503 2825 curat
1514 2810 1531 2832 ‚

518 2866 652 2926 quot
705 2871 874 2905 anuos
919 2852 1138 2917 habeat,
1185 2850 1314 2905 dum
1357 2852 1531 2903 forma

517 2945 728 2987 maneat
745 2931 863 2999 sibi,
873 2950 961 2984 me
977 2930 1125 3003 quasi
1144 2928 1414 2983 exstincto.
1429 2930 1531 2983 En.

594 3030 676 3080 29.
709 3014 871 3063 Prima
895 3011 1057 3063 habet
1077 3010 1152 3063 Pi.

597 3092 678 3143 3ο.
721 3094 886 3157 Aeque
933 3092 1061 3141 inter
1102 3090 1288 3139 cineres
1332 3092 1533 3141 condita

509 3172 726 3239 flamma
751 3182 932 3220 manet.
951 3168 1132 3219 Manet
1167 3165 1342 3219 adhuc
1364 3168 1416 3219 in
1455 3186 1531 3219 se·

520 3257 766 3299 uescente
790 3265 1015 3318 corpore
1034 3244 1198 3299 decor
1218 3244 1310 3299 ille
1329 3265 1358 3299 e
1373 3248 1531 3317 juve-

521 3328 712 3379 nilibus
731 3328 880 3381 annis
899 3326 1139 3381 residuus
1153 3364 1168 3391 ,
1191 3326 1284 3398 qui
1305 3326 1535 3381 excitare

525 3405 660 3458 adeo
677 3404 911 3459 flammas
927 3406 1120 3459 amoris
1133 3415 1306 3476 queat.
1317 3404 1535 3459 Inhunc

526 3486 700 3554 ipsum
751 3482 967 3535 modum
1023 3484 1270 3537 Horatius
1290 3524 1304 3548 ‚
1351 3485 1531 3539 Carm.

524 3565 623 3625 IV,
654 3564 738 3629 13,
759 3575 890 3615 extr.
917 3562 1366 3635 pulchritudinem
1392 3583 1536 3618 ama·

525 3642 688 3693 bilem
741 3652 892 3693 etate
951 3654 1315 3713 consumptam
1383 3656 1537 3697 vocat

531 3746 557 3765 ι
598 3720 868 3791 Dilapsam
920 3719 976 3771 in
1031 3720 1230 3773 cineres
1287 3722 1454 3775 facem
1492 3748 1535 3776 n.

528 3799 704 3862 Quam
731 3796 870 3851 oden
889 3796 1020 3851 adeo
1043 3798 1393 3853 Maximianus
1412 3814 1535 3855 ante

525 3876 705 3929 oculos
728 3874 972 3929 habuisse
997 3872 1209 3930 videtur
1224 3918 1240 3943 ,
1271 3878 1535 3951 siquidem

529 3954 585 4007 in
603 3958 712 4027 ejus
723 3953 982 4025 principio
995 3951 1131 4007 idem
1151 3954 1218 4009 de
1235 3958 1377 4028 Lyce
1391 3960 1537 4012 Flac·

529 4052 619 4085 cus
647 4032 798 4096 dicit,
830 4032 970 4105 quod
1000 4034 1186 4087 Noster
1211 4037 1539 4107 praecedente

1609 1685 1766 1720 versu
1807 1665 1875 1720 de
1911 1663 2205 1738 Lycoridez
2244 1689 2267 1712 ι
2292 1663 2357 1717 fis
2382 1681 2547 1730 anus,
2570 1675 2621 1714 et

1608 1757 1785 1798 tamen
1814 1745 1909 1798 vis
1938 1745 2171 1798 formosa
2190 1741 2356 1796 videri
2368 1768 2413 1794 ι.

1682 1825 1766 1878 31.
1801 1833 1865 1876 Ue
1887 1827 2065 1876 videor
2094 1825 2158 1875 V.
2184 1823 2247 1876 R.
2268 1842 2359 1874 nos
2376 1823 2625 1890 parcimus

1610 1906 1759 1954 annis
1790 1902 1859 1960 G.
1897 1921 1989 1954 vos
2022 1905 2226 1970 parcitis
2268 1904 2413 1953 annis
2456 1902 2625 1954 ΑΜ.

1610 1982 1733 2052 Bip.
1772 1999 1896 2033 cum
1928 1979 2201 2032 nonnuliis
2238 1978 2383 2042 :liin
2412 1978 2505 2032 sed
2528 1997 2625 2032 vos

1602 2062 1809 2128 parcitis
1854 2059 1981 2110 anni
2025 2059 2086 2109 A.
2142 2057 2239 2111 Pu.
2278 2057 2356 2110 Pi.
2396 2057 2512 2110 Bos.
2552 2057 2625 2110 Ο.

1612 2135 1757 2210 quod
1784 2146 1987 2188 rectum
2018 2147 2111 2190 est.
2146 2134 2234 2188 Sic
2262 2135 2405 2189 enim
2430 2135 2629 2190 Noster

1612 2227 1665 2270 et
1682 2233 1835 2287 supra
1864 2211 1949 2269 El.
1991 2215 2054 2282 1,
2096 2216 2237 2285 267:
2272 2218 2385 2266 Non
2417 2233 2625 2282 quem,

1612 2299 1707 2348 beu
1721 2302 1742 2347 .'
1776 2297 1919 2364 longi
1945 2299 2082 2363 quod
2104 2309 2250 2347 comm
2277 2297 2455 2347 solvitis
2482 2297 2627 2347 anni.

1614 2374 1914 2431 Withoflus
1943 2394 2097 2429 usum
2134 2374 2279 2427 huuc
2317 2374 2631 2429 Maximiani

1616 2474 1727 2508 non
1768 2455 2088 2515 observavit,
2140 2454 2405 2525 simulque
2443 2454 2633 2508 vitiosa

1616 2534 1841 2589 lectione
1864 2538 2015 2586 annis
2040 2533 2296 2605 deceptus
2323 2546 2401 2586 est
2418 2570 2435 2597 ‚
2460 2552 2633 2605 quum

1616 2614 1829 2667 Encaen.
1855 2612 1975 2667 crit.
2004 2632 2061 2686 p.
2096 2614 2221 2677 320,
2242 2612 2390 2667 hunc
2416 2632 2633 2667 versum

1619 2694 1691 2746 ita
1744 2694 2002 2747 correxit:
2051 2696 2141 2759 De‘,
2186 2696 2337 2745 video
2351 2728 2368 2757 ,
2411 2695 2633 2763 pule-luis

1621 2776 1771 2825 etiam
1788 2791 1886 2823 vos
1902 2775 2112 2840 parcitis
2138 2775 2303 2825 annis.

1690 2854 1778 2919 34.
1804 2857 1904 2905 Sed
1928 2856 2105 2921 siquid
2126 2853 2242 2906 Bas.
2262 2852 2342 2906 Pi.
2360 2853 2428 2905 Ο.
2450 2852 2567 2924 Bip.
2580 2862 2639 2903 et

1620 2932 1751 2986 nlioe.
1777 2937 1842 2983 Ee
1856 2935 1902 2983 si
1924 2936 2048 3000 quid
2060 2934 2153 2987 Gr.
2174 2932 2242 2985 G.
2264 2932 2324 2985 P.
2346 2930 2525 2985 Ethoc
2542 2949 2639 2983 vo·

1618 3013 1739 3064 lunt
1749 3010 2047 3065 Withofius
2060 3024 2115 3063 et
2128 3012 2505 3072 Ommerenus,
2522 3028 2639 3062 om-

1620 3090 1752 3142 nino
1774 3102 1935 3143 recte.
1957 3092 2012 3141 Si
2045 3093 2168 3157 quid
2192 3110 2325 3142 nune
2362 3104 2453 3151 est,
2500 3093 2640 3157 quod

1605 3170 1711 3237 ficit
1734 3183 1873 3231 ante,
1887 3173 2083 3237 placet,
2118 3168 2195 3221 sic
2229 3168 2561 3240 distinguunt
2576 3168 2635 3220 B.

1620 3248 1702 3300 Pi.
1724 3248 1839 3319 Bip.
1854 3259 1906 3300 et
1922 3248 2187 3319 pleraeque
2204 3246 2318 3301 alie
2331 3284 2348 3310 ‚
2370 3245 2467 3301 sed
2484 3251 2643 3314 quod,

1606 3328 1711 3396 finit
1731 3342 1864 3388 ante,
1896 3331 2064 3395 placet
2090 3329 2153 3379 Α.
2194 3329 2257 3380 Ο.
2286 3326 2423 3379 Mihi
2452 3324 2637 3397 paullo

1620 3404 1918 3477 impeditior
1934 3406 2049 3459 hnc
2066 3406 2367 3477 dispunctio
2393 3404 2604 3459 videtur
2620 3424 2637 3458 :

1620 3486 1841 3555 praefero
1854 3485 2191 3556 superiorem.
2206 3486 2429 3555 Nempe,
2446 3483 2637 3555 siquid

1620 3582 1763 3615 nunc
1784 3576 1859 3615 est
1874 3602 1888 3624 ,
1903 3563 1957 3617 id
1976 3564 2149 3636 placet
2164 3575 2467 3637 propterea,
2490 3562 2641 3635 quod

1622 3642 1723 3695 fuit
1750 3656 1894 3697 ante.

1694 3722 1778 3774 36.
1802 3728 1863 3773 In
1876 3727 2169 3790 prater-imm
2187 3727 2469 3775 luxuriatur
2494 3742 2641 3792 opus,

1622 3800 1679 3853 h.
1714 3820 1760 3853 e.
1782 3802 2065 3857 libidinose
2088 3803 2344 3875 adpetunt
2366 3821 2529 3875 opus,
2560 3804 2645 3857 vel

1622 3898 1765 3945 rem,
1808 3899 1924 3951 quae
1980 3883 2103 3953 quin
2137 3881 2326 3935 defecit
2360 3886 2503 3953 jam,
2540 3900 2645 3953 pro

1626 3960 1893 4029 preterita
1918 3958 2161 4014 habenda
2189 3973 2283 4014 est.
2314 3960 2529 4025 Luxus,
2554 3961 2645 4013 lu·

1630 4039 1777 4091 turia
1798 4076 1814 4103 ,
1829 4040 2084 4093 luxuriari
2106 4039 2313 4095 serioris
2330 4039 2493 4093 aetutis
2510 4040 2640 4093 scri-
