2964 4690
518 315 653 397 144
826 311 957 377 DE
1006 310 1417 380 NOMINE
1468 310 1972 381 CORNELII
2019 312 2332 383 GALLI

509 442 727 530 ginem
777 462 910 503 non
960 438 1284 527 illepidam
1334 440 1644 505 exhibens
1667 490 1684 523 ,
1731 441 1911 529 quod
1957 443 2110 529 quia
2150 442 2283 521 jam
2319 440 2574 506 dudum
2611 468 2650 505 a

511 548 580 611 P.
612 546 865 611 Pithoeo
890 546 957 608 in
984 562 1277 609 veterum
1304 548 1781 634 poematiorum
1805 548 2107 637 Syllogen
2143 564 2478 636 receptum
2509 566 2645 629 est,

510 669 576 717 et
611 652 897 741 plurium
930 650 1333 745 eruditorum
1370 651 1693 739 singulare
1725 652 2012 717 studium
2045 654 2318 732 meruit,
2360 676 2480 718 nec
2516 676 2646 717 no-

511 773 641 820 stra
668 756 1047 821 collectione
1074 772 1141 821 et
1168 778 1363 845 opera
1387 756 1732 847 indignum
1761 756 1985 821 haberi
2005 774 2279 847 poterat.
2309 757 2437 824 Sed
2471 780 2651 823 nunc

510 862 593 925 ad
630 885 860 927 eorum
895 862 1255 926 carminum
1290 878 1586 927 auctores
1619 884 1741 926 nos
1773 879 2246 927 convertamus.

600 968 1049 1031 Maximianus
1078 953 1422 1047 Etruscus,
1466 968 1614 1055 quia
1643 968 1772 1047 jam
1811 967 2107 1057 pluribus
2138 991 2175 1031 a
2209 969 2456 1033 soeculis
2489 970 2650 1035 falso

516 1074 802 1139 Cornelii
834 1073 1032 1153 Galli,
1068 1072 1321 1160 antiqui
1352 1089 1418 1138 et
1443 1072 1709 1138 celebris
1737 1090 1942 1163 poetae
1961 1121 1980 1155 ,
2009 1074 2276 1139 nomine
2302 1075 2651 1164 insignitus

514 1196 645 1262 est,
678 1179 805 1244 hoc
837 1180 979 1267 ipso
1021 1179 1201 1266 quasi
1237 1179 1535 1243 obtectus
1569 1194 1634 1241 et
1667 1178 2052 1243 obscuratus
2085 1180 2172 1243 ita
2205 1177 2460 1245 delituit
2480 1229 2499 1262 ‚
2531 1198 2610 1245 ut
2630 1232 2648 1257 ,

516 1286 658 1373 quis
690 1284 893 1348 homo
913 1332 933 1367 ‚
967 1306 1173 1372 quave
1204 1299 1387 1349 aetate
1424 1283 1686 1365 fuisset,
1718 1306 1913 1348 nemo
1945 1284 2042 1348 vel
2077 1284 2302 1366 sciret,
2335 1286 2438 1349 vel
2462 1284 2650 1351 valde

516 1392 925 1481 anquireret3
968 1391 1082 1455 sed
1116 1406 1461 1479 postquam
1500 1390 1725 1455 fraude
1757 1392 1958 1481 magis
1991 1391 2302 1479 patefacta
2335 1416 2491 1457 vero
2524 1416 2650 1457 no-

518 1499 675 1563 mini
714 1520 837 1561 suo
872 1498 1207 1562 restitutus
1252 1513 1383 1579 est,
1431 1496 1798 1586 diligentius
1843 1496 1923 1559 de
1967 1520 2046 1560 eo
2080 1498 2278 1585 quaeri
2316 1498 2546 1587 coepit,
2583 1516 2651 1564 et

519 1604 908 1669 exstiterunt
950 1602 1125 1667 docti
1172 1604 1293 1667 viri
1314 1653 1332 1685 ,
1378 1604 1532 1691 qui,
1585 1620 1904 1692 quantum
1959 1601 2224 1669 distaret
2263 1628 2299 1667 a
2343 1606 2650 1669 Cornelio

521 1710 705 1776 Gallo
726 1757 745 1791 ,
779 1725 844 1773 et
876 1710 1022 1796 quis
1054 1709 1390 1797 qualisque
1422 1709 1618 1773 fuerit
1651 1708 1759 1772 hic
1795 1724 2020 1797 poeta,
2047 1710 2405 1774 accuratius
2435 1726 2652 1774 osten-

520 1816 771 1881 derent.
806 1816 1063 1879 Primus
1093 1815 1215 1879 hac
1250 1838 1443 1903 opera
1477 1814 1825 1881 defunctus
1857 1830 1954 1879 est
1979 1815 2067 1879 M.
2099 1816 2179 1879 H.
2209 1814 2554 1881 Goldastus
2578 1818 2650 1881 in

522 1920 804 2009 Epistola
828 1919 1217 1985 dedicatoria
1234 1969 1251 2002 ‚
1277 1919 1493 1984 Ovidii
1519 1920 1795 1983 Eroticis
1817 1938 1882 1985 et
1905 1920 2250 1985 Amatoriis
2274 1922 2650 2009 opusculis,

521 2024 925 2091 Francofurti
949 2046 1050 2087 an.
1090 2024 1256 2087 1610
1280 2022 1470 2087 editis
1486 2073 1504 2105 ,
1531 2024 1891 2111 praemissa:
1923 2025 2124 2089 multa
2151 2023 2233 2088 de
2259 2026 2650 2090 Maximiano

525 2130 789 2197 tradidit
814 2134 1000 2195 Bern.
1030 2128 1296 2193 Moneta
1322 2130 1387 2193 in
1418 2128 1817 2217 Menagianis
1840 2178 1858 2211 ,
1890 2130 2094 2195 tertioe
2121 2129 2419 2195 editionis
2449 2132 2650 2198 Paris.

533 2236 695 2327 1715
734 2252 913 2301 tomo
941 2237 1006 2318 Ι,
1048 2258 1191 2324 pag.
1226 2234 1354 2300 336
1380 2258 1558 2323 seqq.
1591 2258 1714 2299 nec
1736 2258 1938 2324 pauca
1965 2234 2045 2300 de
2076 2259 2156 2302 eo
2182 2236 2452 2325 protulit
2477 2236 2648 2303 Abb.

526 2342 903 2431 Souchayus
926 2391 943 2424 ,
977 2342 1093 2406 ubi
1133 2342 1329 2406 vitam
1370 2342 1566 2407 Corn.
1613 2341 1777 2407 Galli
1807 2343 2142 2432 exposuit,
2175 2344 2244 2408 in
2283 2344 2647 2410 Dissermtt.

530 2448 885 2516 Academiae
917 2450 1132 2538 Regiae
1155 2449 1660 2537 Inscriptionum
1691 2467 1757 2514 et
1789 2451 2118 2514 literarum
2153 2451 2651 2540 elegantiorum,

534 2552 911 2644 (Me'moires
938 2553 1018 2618 de
1039 2551 1437 2640 l'Acade'me'e
1460 2554 1569 2618 des
1599 2554 2002 2642 Inscriptions
2016 2603 2035 2635 ‚
2061 2572 2181 2620 etc·
2205 2555 2230 2643 )
2255 2572 2436 2620 tomo
2461 2556 2618 2620 XVI
2633 2604 2652 2636 ,

526 2663 681 2728 anni
718 2661 904 2750 1751.
931 2662 1246 2725 Omnium
1270 2684 1425 2725 vero
1453 2660 1852 2750 diligentiam
1886 2664 2209 2751 superavit
2235 2664 2459 2726 ,Iustus
2484 2661 2654 2725 Fon·

532 2771 772 2848 maini,
813 2769 927 2856 qui
967 2768 1264 2833 Historiae
1310 2767 1547 2832 literar.
1591 2768 1860 2855 Aquilei.
1897 2765 2132 2854 (editae
2170 2769 2394 2832 Romae
2451 2772 2650 2855 1742,

530 2873 713 2962 ἱππ-4)
744 2873 911 2937 libro
940 2874 1007 2970 1?
1040 2895 1177 2960 cap.
1209 2872 1339 2953 111,
1371 2886 1716 2961 postquam
1746 2869 1826 2934 de
1853 2871 2154 2935 Cornelio
2181 2871 2363 2935 Gallo
2388 2872 2654 2952 Foroju·

532 2981 717 3046 liensi
750 2978 942 3068 digna
977 2999 1251 3066 quaeque
1290 2992 1516 3040 notatu
1554 2993 1984 3064 persequutus
2021 2992 2149 3059 est,
2183 2975 2264 3040 de
2296 2977 2532 3066 Elegiis
2565 2977 2658 3041 illi

532 3085 879 3174 suppositis
907 3082 1313 3164 Maximiani,
1340 3081 1668 3169 hujusque
1694 3098 1915 3170 gente,
1940 3097 2122 3146 aetate
2148 3100 2214 3147 et
2241 3082 2433 3147 rebus
2461 3083 2653 3171 gestis

534 3190 861 3254 luculente
898 3204 963 3251 et
994 3188 1253 3276 copiose
1289 3189 1439 3276 egit.
1476 3189 1574 3251 Jo.
1607 3189 1952 3253 'Albertum
1985 3189 2350 3252 Fabricium
2387 3189 2454 3250 in
2493 3188 2651 3253 Bihl.

534 3297 669 3360 Lat.
706 3295 847 3358 libr.
884 3297 945 3377 1,
984 3317 1123 3382 cap.
1160 3294 1338 3374 XIV,
1374 3293 1459 3357 de
1495 3295 1691 3358 Corn.
1727 3293 1909 3356 Gallo
1949 3311 2015 3357 et
2045 3293 2436 3358 Maximiano
2470 3315 2654 3383 agen-

534 3417 700 3483 tem,
733 3402 840 3476 vix
876 3391 1211 3465 nominare
1246 3421 1411 3488 opus
1446 3415 1544 3464 est
1575 3399 1668 3462 rei
1705 3399 1992 3463 literarioe
2023 3400 2260 3488 peritis,
2299 3399 2414 3465 His
2441 3415 2655 3464 aucto·

532 3506 713 3570 ribus
750 3507 817 3568 in
862 3506 1201 3570 eonsilium
1244 3504 1546 3570 adhibitis
1583 3520 1876 3568 accurate
1911 3527 2090 3568 nunc
2121 3505 2338 3570 omnia
2370 3526 2651 3593 expone-

419 3649 428 3660 ·
534 3633 681 3677 mus
696 3659 717 3690 ,
757 3609 995 3697 quibus
1028 3628 1094 3674 et
1124 3633 1344 3674 rerum
1374 3609 1748 3674 Maximiani
1771 3609 2029 3691 notitia,
2057 3625 2122 3678 et
2147 3611 2230 3674 de
2257 3611 2393 3691 ejus
2423 3610 2651 3699 Elegiis

526 3717 841 3798 judicium
872 3715 1229 3796 adjuvetur.

624 3829 840 3911 Atque
882 3839 958 3886 ut
998 3821 1081 3886 de
1126 3825 1392 3887 nomine
1436 3823 1805 3886 Maximiani
1849 3823 2265 3911 incipiamus,
2312 3821 2652 3887 Goldastus

537 3927 798 4018 quidem
848 3929 1025 3993 hunc
1070 3944 1397 3993 auctorem
1452 3927 1623 3992 inter
1670 3927 1884 3992 Ovidii
1929 3927 2187 3992 Erotica
2229 3929 2573 4016 opuscula,
2615 3953 2654 3992 e

537 4036 689 4099 novi
722 4031 935 4098 Critici
958 4080 975 4115 ,
1014 4048 1087 4097 ut
1118 4032 1256 4120 ipse
1286 4031 1407 4108 ait,
1440 4033 1752 4096 sententia
1793 4029 2141 4098 Cornelium
2177 4031 2656 4096 Maximianum
