2964 4690
539 367 666 414 112

1340 341 1837 414 VOMANUS

719 466 951 555 Quum
987 488 1246 534 summa
1281 465 1560 550 florum,
1595 463 1699 534 vel
1732 485 1939 533 novos
1981 487 2163 532 rores
2198 463 2465 560 legunt:

717 575 1027 646 Fecunda
1067 575 1222 645 vitis
1255 574 1574 670 conjuges
1616 573 1835 644 ulmos
1878 587 2140 668 gravat,

713 689 1044 756 Textasve‘
1065 685 1410 756 inumbrat
1443 683 1789 780 'pampinis
1830 682 2222 771 arundines3

717 796 949 889 Opaca
975 795 1278 890 praebent
1305 795 1576 866 arbores
1607 793 2030 882 umbracula,

711 905 1217 1002 Prohibentque
1258 905 1478 975 densis
1522 906 1856 975 fervidum
1893 904 2099 975 solem
2132 906 2364 974 comis,

717 1020 891 1086 Aves
921 1039 1204 1086 canoros
1239 1013 1523 1114 garrulae
1558 1014 1853 1093 fundunt
1881 1037 2080 1084 sonos
2103 1066 2124 1101 ‚

713 1129 807 1198 Et
847 1151 1108 1222 semper
1141 1151 1334 1197 aures
1375 1126 1685 1198 cantibus
1730 1123 2029 1196 mulcent
2068 1124 2225 1194 suis.

709 1233 1024 1306 Oblectet
1056 1235 1328 1323 hortus,
1371 1251 1641 1324 avocat,
1668 1236 1880 1332 pascit
1898 1287 1918 1321 ‚
1952 1248 2166 1321 tenet,

517 1441 630 1496 licti
667 1441 815 1513 Saepe
854 1438 958 1494 levi
998 1456 1250 1494 somnum
1295 1439 1541 1496 suadebit

521 1538 660 1574 inire
689 1537 906 1572 susurro
927 1545 975 1573 n.

593 1599 674 1652 15.
706 1599 939 1650 Fecunda
969 1599 1120 1662 vitis,
1149 1608 1254 1652 etc.
1279 1597 1455 1652 Vitem
1486 1599 1542 1652 in

517 1677 687 1731 hortis
725 1673 858 1730 dicit
893 1675 976 1730 vel
1005 1675 1163 1730 ulmis
1188 1675 1507 1749 adplicatam
1524 1715 1540 1744 ,

515 1759 602 1812 vel
629 1755 853 1812 trichiln
887 1754 1148 1810 contextis
1187 1755 1545 1810 arundinibus

519 1838 698 1892 nixam
719 1855 954 1910 surgere·
987 1837 1230 1906 Conjuges
1256 1842 1413 1890 ulma
1447 1853 1545 1888 vo·

517 1930 605 1974 cat
640 1919 950 1992 conjugatas
983 1927 1036 1969 et
1069 1917 1385 1989 conjunctas
1423 1914 1543 1967 viti-

515 1999 641 2066 bus,
655 2015 818 2070 quam
845 1993 1275 2068 conjunctionem
1297 1995 1398 2050 sub
1423 2011 1545 2048 con-

511 2077 647 2151 jugii
665 2088 714 2130 et
728 2073 1075 2130 maritationis
1101 2073 1331 2148 imagine
1348 2072 1545 2128 descri-

517 2158 669 2210 bunt.
694 2153 1015 2216 Columella,
1031 2153 1133 2217 XI,
1157 2172 1210 2218 2,
1229 2171 1299 2224 79
1323 2172 1338 2206 :
1359 2153 1541 2206 «Ulmi

516 2253 732 2308 quoque
769 2245 913 2288 recte
939 2232 1138 2286 ritibus
1163 2232 1479 2286 maritantur
1494 2257 1539 2286 a.

513 2314 758 2371 Catullus
799 2314 853 2366 in
890 2313 1070 2367 Carm.
1111 2311 1338 2386 nuptiali
1355 2311 1541 2377 LXII,

515 2407 798 2468 postquam
809 2396 960 2446 vitem
969 2396 1180 2445 viduam
1193 2390 1396 2445 dixerat
1409 2410 1481 2445 nu
1489 2390 1543 2443 ui

516 2473 696 2527 arbori
721 2472 1013 2545 adligatam
1031 2508 1048 2534 ,
1086 2490 1214 2525 mox
1249 2470 1318 2525 de
1351 2470 1539 2525 eadem

517 2572 564 2604 v.
595 2554 694 2616 54:
723 2577 750 2597 α
767 2553 836 2603 At
859 2550 904 2604 si
929 2552 1068 2604 forte
1092 2548 1278 2605 cadem
1297 2562 1374 2603 est
1392 2550 1542 2607 ulmo

515 2634 634 2705 conj
641 2642 798 2685 uncta
811 2630 1050 2684 marito».
1065 2628 1248 2685 Horat.
1271 2628 1445 2701 Epod.
1461 2630 1541 2695 11,

516 2732 549 2779 9
573 2730 590 2767 ε
621 2737 646 2757 κ
660 2709 841 2765 adulta
875 2708 1059 2763 vitium
1081 2708 1373 2785 propagine
1391 2710 1539 2765 Altas

517 2792 730 2848 maritat
742 2790 1040 2865 populos·-

595 2876 677 2927 16.
708 2875 966 2924 Inumbrae
979 2872 1228 2941 pampinis
1255 2870 1540 2935 arundines,

518 2970 711 3027 nempe
729 2952 847 3004 vitis
875 2952 1125 3003 inumbrat
1137 2951 1384 3021 pampinis
1414 2952 1535 3001 mis.

516 3032 794 3103 Perper-am
805 3032 1072 3099 pampinus
1086 3028 1409 3101 scripserunt
1419 3026 1541 3083 cod.

514 3110 732 3163 T.buan
763 3109 924 3163 Voss.
947 3118 1000 3159 et
1031 3106 1156 3161 edit.
1193 3106 1369 3161 Vicet-
1391 3104 1538 3161 Brix-

514 3188 708 3241 Venet.
729 3204 854 3241 cum
873 3184 1034 3241 Wiu.
1068 3186 1166 3240 Per
1189 3198 1356 3239 textas
1387 3206 1539 3239 arun-

517 3270 658 3319 dines
680 3264 930 3337 intelligit
953 3262 1222 3321 nichilum
1243 3302 1261 3329 ,
1294 3264 1378 3317 vel
1413 3284 1538 3337 per-

513 3346 722 3419 gulam,
754 3346 1062 3418 jug-amento
1107 3342 1344 3415 quodam
1376 3362 1539 3397 arun·

512 3422 702 3477 clinum
727 3434 1025 3477 contextam
1042 3460 1061 3486 ‚
1093 3421 1182 3477 cui
1205 3422 1422 3479 arbores
1447 3442 1541 3477 va-

511 3504 641 3569 rin,
690 3500 931 3575 inprimis
970 3500 1136 3569 vites,
1181 3498 1434 3573 adplicari
1467 3502 1539 3557 ad

513 3581 760 3637 umbram
789 3576 1091 3635 faciendam
1108 3578 1363 3636 solebant.
1392 3580 1537 3635 Dixi-

513 3680 633 3715 mus
651 3658 720 3713 de
744 3656 956 3712 nichila
971 3656 1041 3713 ad
1053 3676 1264 3713 versum
1279 3660 1312 3713 8
1331 3658 1495 3735 Copoe

512 3736 634 3791 «Est
641 3736 851 3791 nichila
861 3736 1160 3791 umbriferis
1171 3736 1364 3811 frigida
1377 3758 1537 3793 arun·

512 3816 727 3871 dinibus
765 3840 788 3863 ι
811 3854 830 3879 ,
881 3828 934 3870 et
985 3834 1148 3891 supra
1209 3816 1278 3871 sd
1321 3818 1533 3873 Colum.

513 3894 666 3950 Hort.
686 3915 740 3949 v.
769 3892 890 3965 378.

590 3994 670 4046 17.
699 3976 924 4029 habene
954 3976 1256 4029 umbracula.
1297 3974 1438 4029 Beda
1465 3974 1535 4031 de

513 4052 671 4107 conss.
717 4051 854 4107 veris
902 4065 954 4107 et
995 4050 1151 4107 hiem.
1197 4074 1248 4106 v.
1279 4062 1386 4125 49ε
1427 4054 1535 4109 -Et

1626 1439 1824 1496 virides
1872 1439 2011 1494 rami
2050 1447 2302 1512 prastent
2343 1437 2653 1494 umbracula

1632 1519 1784 1574 fessis
1806 1543 1854 1572 ο.
2144 1539 2151 1547 ·

1705 1600 1788 1652 18.
1816 1601 2167 1668 Pmkibentque
2200 1597 2366 1650 densis
2376 1597 2651 1666 fervidum.

1625 1673 1858 1732 Videtur
1882 1675 2131 1730 adlusum
2156 1673 2226 1728 ad
2248 1675 2406 1728 verba
2426 1673 2653 1744 Horatii,

1628 1755 1805 1810 carm.
1832 1755 1912 1817 11,
1935 1755 1996 1808 15
2018 1793 2035 1818 ,
2054 1772 2117 1826 9:
2140 1753 2653 1826 uTumspissarsmis

1627 1833 1808 1890 laurea
1840 1833 2073 1890 fervido·
2128 1831 2393 1888 Excludet
2434 1833 2570 1891 ictus
2602 1857 2649 1884 ι.

1628 1913 1879 1968 Similiter
1900 1914 2151 1988 Calpurn.
2171 1913 2243 1978 V,
2274 1931 2337 1966 2:
2372 1937 2397 1960 ι
2418 1912 2649 1970 Torren-

1630 2008 1737 2050 tem
1756 1993 1941 2068 patula
1950 1994 2189 2048 vitabant
2210 1993 2401 2048 arbore
2420 1993 2585 2046 solem
2598 2017 2645 2048 ο.

1705 2093 1789 2128 20.
1824 2079 1889 2128 Be
1905 2093 2095 2144 semper
2122 2093 2267 2124 aures
2291 2076 2533 2126 cantibus.
2556 2072 2649 2128 Sic

1632 2152 1917 2208 ediderunt
1942 2152 2100 2208 will.
2126 2151 2265 2205 Pith.
2301 2151 2437 2208 Scal-
2472 2151 2643 2208 Plant-

1630 2235 1748 2288 Riv.
1774 2233 1892 2296 alii,
1918 2249 2245 2305 quamquam
2272 2230 2393 2286 cod.
2417 2232 2569 2286 Voss.
2596 2242 2649 2286 et

1632 2313 1796 2369 Aldus
1831 2313 2021 2369 vitiose
2056 2311 2289 2367 habent:
2339 2339 2362 2361 ι
2389 2311 2455 2367 Et
2475 2331 2532 2367 se
2550 2330 2647 2385 per

1628 2414 1783 2449 auras
1800 2395 2040 2448 cantibus
2058 2394 2295 2449 mulcent
2320 2393 2430 2447 suis
2442 2420 2483 2444 n.
2504 2392 2648 2448 Can·

1628 2486 1715 2527 tus
1740 2473 1919 2527 avium
1946 2474 2083 2525 inter
2109 2472 2497 2527 oblectamenta
2524 2470 2649 2527 hot*-

1628 2564 1807 2608 torum
1832 2554 1991 2607 etiam
2022 2551 2259 2606 meminit
2280 2562 2466 2606 auctor
2500 2550 2649 2625 Eleg-

1628 2636 1687 2687 in
1704 2632 1809 2687 Ob.
1833 2632 1985 2685 Mac.
2002 2652 2057 2684 v.
2076 2630 2141 2685 35
2161 2649 2175 2684 :
2203 2657 2227 2679 ι
2247 2628 2481 2687 Pieridas
2499 2628 2649 2685 th-

1628 2714 1865 2785 bumque
1898 2710 2046 2765 ciens
2089 2708 2143 2763 in
2189 2710 2439 2765 mollibus
2480 2708 2648 2765 hortis

1628 2788 1849 2847 Sederat
1861 2802 2075 2863 argutas
2086 2790 2325 2863 garrulus
2334 2791 2646 2845 interna-

1702 2888 1786 2924 21.
1807 2872 2032 2923 oblectat
2046 2873 2233 2935 hortm,
2243 2882 2439 2921 avocat.
2456 2870 2521 2921 ln
2537 2867 2647 2941 ple-

1626 2949 1805 3025 risque
1834 2948 2157 3004 editionibus
2196 2948 2386 3021 legitur
2418 2950 2647 3001 advocat.

1624 3026 1730 3083 Sed
1738 3028 2077 3083 Burmannus
2089 3042 2265 3081 avocat
2276 3023 2647 3081 excudendum

1626 3106 1857 3175 curavit,
1867 3108 2181 3161 auctoritate
2206 3105 2377 3161 codic.
2400 3104 2581 3159 Petu.
2594 3116 2649 3161 et

1624 3188 1841 3244 Thuan.
1850 3186 1973 3239 item
1987 3186 2151 3259 antiq.
2172 3182 2301 3239 edit.
2314 3182 2488 3238 Vicet.
2504 3182 2646 3239 Brix.

1625 3278 1679 3319 et
1731 3266 1921 3319 Venet.
1974 3262 2224 3317 Catalect.
2282 3262 2475 3335 Vin-gil.
2526 3274 2644 3317 tum

1626 3342 1823 3399 Heinsii
1840 3356 1892 3397 et
1916 3343 2141 3399 aliorum
2174 3341 2532 3409 eruditorum,
2551 3340 2647 3414 qui

1624 3425 1701 3479 sic
1718 3422 2117 3479 emendandum
2132 3434 2473 3477 censuerunt.
2486 3420 2647 3477 Hunc

1624 3514 1832 3577 egomet
1868 3521 2081 3577 sequor.
2112 3506 2341 3557 Advocac
2376 3512 2431 3555 et
2468 3516 2648 3557 avoca

1622 3600 1755 3655 sape
1776 3582 2066 3654 permutari
2082 3600 2116 3637 a
2137 3578 2365 3637 librariis
2382 3617 2400 3644 ,
2412 3582 2527 3657 jam
2542 3597 2645 3635 no-

1514 3680 1528 3715 :
1622 3659 1848 3715 tavimus
1860 3660 1928 3714 ad
1943 3661 2197 3734 Calpurn.
2216 3660 2321 3727 IV,
2346 3658 2433 3713 50.
2453 3658 2647 3731 Aptius

1622 3740 1726 3794 hoc
1768 3739 1887 3795 loco
1922 3755 2103 3793 avocat
2117 3778 2134 3803 ,
2168 3734 2317 3811 quod
2351 3750 2505 3795 notat
2531 3737 2647 3791 ani-

1622 3838 1771 3874 mum
1801 3820 2072 3910 ‘paullum
2099 3818 2363 3871 abducere
2402 3837 2437 3872 a
2483 3818 2647 3873 rebus

1622 3897 1949 3971 negotiisque
1972 3898 2152 3963 seriis,
2171 3915 2337 3969 eaque
2361 3896 2647 3951 interrum-

1620 3995 1747 4053 pere
1773 3976 1842 4031 ad
1881 3989 2107 4051 tempus.
2136 3936 2187 4029 ’E
2222 3975 2473 4048 pluribus
2512 3974 2645 4031 locis

1624 4056 1905 4123 Veterum,
1929 4056 2127 4131 quibus
2144 4056 2483 4110 Burmannus
2502 4052 2643 4109 hanc
