2964 4690
809 361 822 374 *
931 368 1356 437 AUSONII
1409 367 1877 437 GRIPHUS.
2339 370 2471 442 183

335 523 404 564 ea
451 499 761 587 singulari
801 497 1178 586 praefatione
1203 545 1220 580 ,
1270 497 1594 587 Symposii
1641 496 1956 586 opusculo
1984 499 2431 587 praemittenda
2452 551 2471 585 ,

333 629 679 697 exponere.

425 715 702 778 Ausonii
735 713 1042 802 Griphum
1090 714 1388 778 Ternarii
1411 717 1657 780 nwnen'
1672 762 1689 796 ,
1724 715 1839 801 qui
1878 713 2047 778 inter
2084 714 2221 795 ejus
2245 714 2471 803 ldynia

331 822 552 885 locum
598 819 1020 884 undecimum
1068 835 1346 908 occupat
1367 868 1385 901 ,
1433 819 1579 884 Nic.
1626 819 1996 886 Reusnerus
2015 869 2034 904 ,
2070 817 2474 910 AEnigmato-

332 925 618 1015 graphia>
643 946 786 1014 pag.
825 923 944 988 125
963 971 982 1006 ,
1012 925 1081 988 in
1109 925 1409 1014 Syllogen
1439 923 1891 1013 AEnigmatum
1918 941 2209 989 veterum
2243 942 2471 990 aucto·

331 1053 483 1094 rum
540 1031 830 1118 recepit3
889 1047 954 1096 et
1012 1046 1354 1120 propterea
1406 1031 1711 1096 instituto
1758 1053 1906 1096 meo
1958 1047 2473 1097 consentaneum

333 1136 728 1219 existimavi,
764 1135 818 1201 si
851 1159 1114 1203 carmen
1149 1137 1278 1202 boc
1297 1187 1316 1220 ,
1352 1160 1472 1226 per
1502 1159 1571 1202 se
1606 1137 1961 1202 admodum
1998 1136 2251 1202 celebre
2270 1185 2287 1218 ,
2326 1154 2469 1201 tum

329 1240 718 1332 AEnigmatis
761 1242 1084 1332 Symposii
1134 1265 1372 1334 genere.
1422 1258 1490 1307 et
1536 1243 1802 1308 materia
1848 1242 2055 1308 simile
2072 1291 2090 1325 ‚
2138 1260 2204 1307 et
2247 1243 2465 1307 lusum

331 1370 520 1435 aeque
549 1348 946 1412 convivalem
977 1347 1289 1415 exhibens
1309 1397 1328 1432 ,
1367 1347 1829 1438 subjungerem
1856 1349 1993 1430 his,
2032 1371 2153 1412 nec
2186 1349 2406 1413 abesse
2431 1371 2467 1412 a

329 1452 530 1517 classe
556 1452 967 1518 Ludicromm
985 1469 1259 1542 paterer.
1287 1455 1530 1519 Caussa
1554 1470 1619 1518 et
1645 1455 1899 1519 occasio
1918 1439 2251 1519 'condendi
2271 1453 2469 1534 hujus

331 1557 668 1640 carminis,
701 1573 777 1622 ut
804 1558 946 1648 ipse
981 1559 1316 1624 Ausonius
1349 1560 1418 1622 in
1446 1559 1823 1647 praefatioue
1857 1577 2206 1642 memorat,
2244 1558 2469 1624 eadem

331 1665 457 1728 fuit
477 1711 495 1748 ,
545 1686 690 1751 quae
733 1663 1148 1754 aenigmatum
1196 1665 1559 1754 Symposii,
1606 1681 1672 1729 et
1704 1659 1881 1731 'facta
1932 1688 2129 1755 super
2175 1688 2467 1730 mensam

329 1769 472 1851 ejus
504 1770 883 1836 invitatione
898 1819 919 1853 ,
950 1769 1034 1835 ad
1065 1770 1436 1859 exemplum
1479 1787 1547 1834 et
1586 1788 1983 1860 praeceptum
2027 1772 2281 1860 Eclogae
2326 1773 2465 1835 Ho-

329 1871 588 1934 ratianae
607 1919 626 1954 ,
659 1872 729 1934 in
755 1894 883 1960 qua
913 1886 1180 1961 propter
1209 1869 1489 1936 mediam
1517 1888 1777 1936 noctem
1800 1919 1819 1956 ,
1849 1888 1916 1937 et
1941 1895 2176 1937 novam
2206 1874 2427 1937 lunam
2447 1923 2467 1954 ,

329 1993 396 2042 et
445 1979 748 2044 Muraeuae
795 1993 1184 2068 auguratum
1209 2027 1228 2060 ,
1271 1993 1475 2042 ternos
1524 1996 1621 2042 ter
1657 1979 1918 2065 cyathos
1956 1979 2279 2043 adtonitus
2311 1981 2471 2067 petit

331 2097 546 2164 vates,
589 2083 762 2174 cepit
799 2084 936 2172 ipse
975 2084 1295 2172 impetum
1339 2084 1467 2148 loci
1516 2083 1684 2148 iuius
1738 2083 1819 2149 de
1861 2084 2144 2148 ternario
2188 2107 2466 2147 numero

329 2189 638 2279 singulari
687 2190 972 2254 carmine
1016 2211 1132 2278 per
1182 2190 1497 2255 continua
1546 2213 1765 2254 rerum
1812 2207 2141 2255 ternarum
2177 2190 2466 2278 exempla

333 2294 734 2385 explicandi,
775 2295 956 2385 quod
991 2295 1100 2362 ille
1149 2295 1569 2385 extemporali
1619 2296 1811 2385 plane
1858 2317 2055 2387 opera
2090 2295 2363 2379 effudit,
2400 2312 2465 2361 et

333 2419 578 2491 coeptos
623 2403 796 2467 inter
846 2402 1298 2493 prandendum
1350 2402 1701 2467 versiculos
1751 2420 1901 2469 ante
1951 2426 2147 2469 coenoe
2204 2419 2463 2491 tempus

333 2508 638 2590 absolvit3
674 2508 802 2572 hoc
827 2524 924 2573 est
943 2556 962 2591 ,
1001 2507 1162 2572 dum
1193 2507 1393 2591 bibit,
1443 2523 1511 2571 et
1538 2508 1758 2597 paullo
1790 2524 1941 2573 ante
1975 2531 2169 2597 quam
2190 2508 2459 2573 biberet.

337 2614 454 2678 His
504 2614 771 2679 narratis
809 2613 1234 2703 semetipsum
1273 2630 1348 2679 ut
1373 2626 1634 2703 poetam
1670 2614 1837 2681 male
1870 2615 2140 2679 sobrium
2156 2664 2175 2698 ,
2226 2638 2461 2703 quem-

335 2719 691 2811 admodum
742 2720 1124 2809 Symposius
1170 2720 1408 2783 ebriam
1461 2720 1715 2784 Musam
1732 2768 1750 2802 ,
1810 2736 2093 2786 excusat.
2143 2721 2466 2809 Singulari

333 2828 624 2891 virorum
650 2826 1056 2891 eruditorum
1078 2848 1236 2890 cura
1259 2826 1388 2891 hoc
1413 2824 1718 2914 ldynium
1744 2848 1823 2890 ex
1849 2825 2171 2914 Operibus
2194 2826 2463 2891 Ausonii

333 2935 682 3013 selectum,
716 2948 781 2998 et
805 2956 1097 2997 seorsum
1126 2932 1368 2996 editum
1390 2981 1407 3014 ,
1441 2948 1507 2997 et
1536 2932 1707 2996 notis
1734 2933 2125 2997 illustratum
2154 2950 2469 2996 memorat

339 3039 703 3122 Fabricius,
749 3038 906 3103 Bibl.
946 3041 1083 3103 Lat.
1125 3037 1237 3102 lib.
1277 3040 1410 3120 111,
1449 3061 1586 3126 cap.
1620 3060 1737 3120 10,
1783 3062 1925 3127 pag.
1954 3038 2117 3121 143,
2160 3037 2261 3103 ed.
2308 3038 2466 3103 Ern.

339 3146 602 3258 Quippe
629 3147 1008 3211 Franciscus
1033 3145 1300 3227 Silvius,
1325 3145 1685 3210 Ambianus
1706 3194 1727 3227 ,
1754 3145 2074 3210 eruditam
2102 3145 2171 3209 in
2198 3146 2470 3209 Ausonii

339 3253 666 3340 Griphum
693 3253 1161 3333 enodationem,
1194 3267 1272 3316 ut
1285 3250 1593 3343 adpellavi
1604 3267 1649 3333 t,
1675 3252 1943 3316 Lutetiae
1961 3250 2162 3315 edidit
2186 3272 2243 3317 a.
2278 3248 2470 3331 1516,

339 3381 536 3445 quam
593 3358 812 3423 laudat
865 3357 1137 3423 Vinetus
1167 3406 1186 3437 ,
1236 3357 1426 3421 vilius
1484 3358 1756 3422 aestimat
1813 3357 2089 3446 Scaliger
2138 3356 2206 3419 in
2266 3358 2467 3445 Epist.

339 3463 652 3530 Claudius
698 3466 854 3528 item
903 3464 1122 3529 Minos
1169 3463 1581 3527 Divionensis
1626 3462 1966 3527 illustravit
2010 3462 2207 3526 Paris.
2264 3459 2429 3549 1574
2454 3510 2471 3541 ,

339 3574 475 3653 ἰη·4
493 3621 513 3655 ,
553 3594 630 3635 ac
664 3572 1058 3635 Franciscus¹
1077 3572 1374 3635 Sanctius
1409 3570 1747 3635 Brocensis
1785 3592 1915 3633 una
1956 3592 2109 3633 cum
2142 3568 2377 3633 Ovidio
2402 3569 2469 3631 in

339 3678 486 3743 Ibin
511 3727 528 3760 ,
567 3677 966 3755 Salmanticae
989 3726 1008 3759 ,
1060 3673 1255 3763 1596,
1304 3674 1474 3741 in-8.
1521 3676 1829 3741 Seorsum
1867 3677 2058 3741 etiam
2106 3674 2354 3740 editum
2396 3674 2472 3739 il·

337 3784 816 3871 lustratumque
856 3784 1004 3873 lego
1051 3782 1324 3847 Ausonii
1379 3781 1701 3870 Griphum
1750 3780 1831 3845 de
1880 3804 2155 3846 numero
2195 3780 2474 3845 ternario

343 3912 458 3978 per
479 3891 578 3953 10.
607 3889 1122 3954 Kirchmannum
1141 3938 1158 3971 ,
1185 3888 1493 3952 Rostoch.
1526 3888 1688 3974 1607
1708 3933 1725 3968 ,
1750 3888 1902 3965 iri-4.
1928 3888 2163 3953 Graeeis
2182 3886 2473 3951 versibus

343 3996 656 4083 expressit
680 3996 732 4059 F
734 3994 1028 4060 edericus
1055 3994 1386 4059 Morellius
1411 3994 1478 4057 in
1510 3993 1793 4057 Historia
1815 4014 2261 4073 numerorum,
2278 3992 2471 4055 Paris,

353 4103 558 4189 1609,
604 4102 778 4185 in-8,
819 4102 887 4166 in
932 4124 1060 4190 qua
1097 4102 1286 4167 etiam
1332 4100 1595 4166 Adriani
1641 4100 1931 4164 Tur-nebi
1966 4120 2221 4163 carmen
2260 4096 2340 4161 de
2374 4096 2476 4161 Bi-
