2964 4690
654 324 904 446 v'ITA
952 379 1079 447 ET
1126 378 1401 447 ACTA
1448 380 2091 451 MAXIMIANI.
2302 379 2422 449 161

314 510 437 575 bus
462 508 692 590 simul,
724 530 921 597 qnam
944 506 1191 573 diversa
1217 508 1354 589 ejus
1378 524 1584 598 poetae
1609 509 1994 575 existimatio
2021 509 2286 577 diversis
2309 513 2436 577 sub

312 614 609 681 mutibus
638 614 836 679 fuerit
851 662 871 696 ,
907 614 1205 703 colligere
1242 613 1411 679 licet.
1454 614 1800 680 Goldastus
1835 615 1902 680 in
1937 617 2236 705 quinque·
2263 632 2439 683 vete-

310 720 497 785 ribus
526 718 859 786 codicibus
879 768 899 803 ,
946 741 1113 808 quos
1148 719 1474 807 possedit,
1507 720 1676 784 hanc
1709 722 1912 785 ferme
1946 722 2435 810 inscriptionem

313 826 514 891 fuisse
536 841 842 894 testatur:
870 855 897 882 α
917 827 1225 890 Facetum
1258 842 1326 890 et
1348 824 1830 913 perjucundum
1859 849 2089 915 poema
2123 825 2206 891 de
2237 828 2438 893 Amo·

312 932 495 996 ribus
536 931 945 1013 Maximiani,
990 930 1205 996 Poetae
1246 929 1633 1014 doctissimi,
1673 932 1960 997 Oratoris
2003 933 2434 999 suavissimi».

312 1036 499 1103 Idem
534 1036 603 1100 in
643 1035 1014 1101 Parisiensis
1046 1035 1381 1119 editionis,
1420 1037 1715 1101 omnium
1743 1038 2000 1126 primae,
2037 1038 2438 1128 frontispicio

310 1142 695 1232 inscriptum
728 1164 867 1209 esse
898 1142 1093 1208 dicit:
1121 1174 1149 1200 ι
1169 1141 1618 1223 Ροιζίιιοιιιιᾶιιε
1638 1192 1657 1225 ,
1680 1143 1994 1223 juvenum
2023 1166 2288 1232 quoque
2309 1145 2434 1209 mi-

310 1272 461 1313 rum
484 1249 553 1313 in
584 1248 855 1313 modum
884 1248 1259 1313 demulcens
1284 1248 1534 1314 animos
1565 1249 1850 1331 libellus,
1876 1272 2072 1337 quem
2096 1250 2436 1339 Nugarum

311 1353 685 1419 Maximiani
718 1338 983 1419 immitis
1027 1353 1386 1419 Alexander
1423 1354 1708 1419 intitulat
1725 1403 1744 1436 ,
1785 1370 1907 1419 etc.
1932 1384 1959 1411 n
2019 1357 2098 1420 In
2131 1357 2437 1421 vetustis·

312 1460 473 1524 sima
504 1458 788 1524 editione
804 1508 824 1542 ,
856 1481 1001 1547 quae
1032 1475 1207 1523 certe
1229 1460 1435 1548 prima
1468 1460 1537 1524 in
1571 1460 1914 1525 Germania
1939 1460 2134 1525 fuisse
2155 1460 2438 1544 videtur,

312 1580 377 1631 et
420 1565 490 1629 in
530 1564 791 1653 publica
830 1562 1185 1630 Academias
1229 1580 1462 1628 nostrae
1501 1564 1894 1630 bibliotheca
1926 1582 2130 1631 exstat
2148 1614 2168 1649 ,
2205 1567 2317 1631 hic
2351 1568 2440 1631 ti-

312 1670 489 1735 tulus
518 1669 911 1760 praefigitur:
944 1698 973 1726 α
995 1669 1368 1734 Maximiani
1399 1669 1774 1759 philosophi
1793 1686 1986 1759 atque
2012 1673 2284 1737 oratoris
2305 1674 2437 1738 cla-

308 1775 545 1840 rissimi
580 1776 792 1841 ethica
819 1776 1032 1840 suavis
1070 1790 1137 1839 et
1171 1773 1566 1862 pet-jocunda
1590 1775 1817 1863 incipit
1840 1776 2108 1841 feliciter
2129 1807 2177 1841 n.
2208 1778 2436 1861 Quum

310 1881 775 1946 Maximianum
820 1882 975 1945 olim
1010 1878 1227 1945 medio
1266 1879 1674 1968 barbaroque
1713 1904 1849 1945 aevo
1889 1882 1959 1945 in
2002 1882 2237 1948 scholis
2271 1906 2436 1972 prae—

308 1986 553 2051 lectum
603 2008 744 2052 esse
762 2035 782 2069 ,
834 1985 1205 2051 testimonia
1259 1984 1574 2050 nonnulla
1621 1986 2067 2074 antiquiorum
2115 1986 2396 2054 doceant
2413 2038 2432 2072 ,

310 2108 453 2157 tum
490 2093 683 2157 etiam
722 2089 1074 2157 multitudo
1108 2090 1568 2179 exemplarium
1605 2092 2190 2181 manuscriptorum
2211 2141 2230 2175 ,
2287 2118 2432 2183 quae

308 2195 671 2261 hodienum
708 2212 944 2279 exstat,
982 2210 1252 2259 testetur
1268 2243 1287 2277 ,
1331 2193 1596 2283 adparet
1633 2216 1786 2259 sane
1823 2193 2170 2261 doctorum
2199 2214 2264 2262 et
2288 2222 2434 2263 mo-

310 2292 669 2368 nachorum
714 2300 877 2368 adeo
894 2351 914 2388 ,
953 2302 1066 2390 qui
1108 2316 1249 2367 tum
1288 2300 1537 2367 scholas
1577 2300 1936 2386 habebant,
1979 2284 2250 2393 insignis
2293 2326 2432 2370 non

310 2409 561 2474 inscitia
600 2408 800 2474 modo
842 2424 910 2473 et
948 2407 1270 2471 barbaries
1291 2456 1309 2484 ‚
1346 2406 1461 2472 sed
1507 2422 1572 2471 et
1609 2406 2010 2494 impudentia
2024 2457 2044 2492 ,
2089 2410 2201 2498 qui
2243 2411 2433 2476 libel-

308 2516 449 2579 lum
466 2564 485 2597 ,
528 2515 758 2580 vetitos
796 2515 1042 2603 ubique
1084 2535 1335 2579 amores
1376 2512 1758 2602 spirantem,
1795 2530 1861 2578 et
1904 2515 2096 2579 bonis
2139 2518 2430 2584 moribus

310 2621 579 2685 noxium
600 2668 620 2702 ,
644 2621 837 2685 tantis
860 2641 1089 2684 ornare
1110 2635 1178 2684 et
1200 2617 1656 2683 commendare
1677 2619 1897 2707 elogiis
1913 2667 1931 2700 ,
1965 2619 2170 2708 iisque
2194 2621 2428 2701 juven-

310 2741 519 2789 tutem
554 2724 829 2790 adlicere
858 2723 941 2788 ad
972 2720 1319 2813 legendum
1355 2729 1746 2810 sategerunt.
1791 2721 1990 2803 Quod
2021 2724 2240 2813 ipsum
2281 2728 2429 2815 plu-

308 2829 492 2895 ribus
525 2830 737 2896 verbis
780 2829 1043 2917 exponit
1076 2844 1143 2892 et
1183 2827 1560 2917 indignatur
1593 2825 1938 2890 Goldastus
1971 2827 2036 2890 in
2072 2827 2322 2896 Praefat.
2345 2831 2428 2896 ad

309 2937 627 3001 Catalecta
662 2935 898 3002 Ovidii.

400 3042 533 3124 Qui
579 3041 655 3105 iis
694 3040 1092 3128 temporibus
1126 3039 1343 3128 paullo
1381 3038 1663 3103 severius
1693 3038 2054 3105 sentiebant
2068 3089 2086 3124 ,
2117 3063 2324 3130 nugas
2355 3067 2427 3110 ea

309 3147 593 3211 carmina
634 3162 701 3211 et
746 3161 1129 3236 nugatorem
1172 3143 1634 3208 Maximianum
1677 3143 2116 3234 adpellabant,
2161 3164 2238 3212 ut
2277 3150 2431 3217 fecit

309 3251 673 3318 Alexander
697 3251 1162 3319 Grammaticus
1186 3251 1307 3338 (ι).
1352 3250 1651 3338 Plerique
1675 3273 1752 3315 ex
1777 3251 2250 3340 antiquioribus
2267 3305 2284 3338 ,
2314 3257 2427 3345 qui

310 3359 677 3424 Maximiani
719 3359 1001 3424 carmina
1030 3359 1266 3440 citant,
1300 3375 1758 3446 argumentum
1799 3381 2028 3422 eorum
2063 3376 2130 3423 et
2159 3361 2419 3429 titulum

310 3465 537 3530 fecisse
560 3464 865 3530 videntur
889 3463 968 3527 de
990 3463 1397 3528 incommodis
1420 3467 1764 3527 senectutis,
1787 3464 1882 3527 Ita
1916 3481 2090 3530 certe
2122 3465 2424 3534 describit

380 3731 459 3797 (ι)
492 3729 602 3782 Etsi
628 3728 732 3782 hoc
756 3728 813 3780 in
837 3727 1060 3781 dubium
1086 3737 1238 3780 vocat
1264 3725 1617 3792 Fontaninus,
1651 3725 1787 3779 Hiar.
1825 3725 1902 3779 lit.
1937 3728 2112 3802 Aquil.
2149 3747 2202 3802 p.
2239 3732 2332 3798 50,
2373 3751 2424 3791 et

306 3821 376 3872 ab
402 3816 699 3871 Alexandro
726 3814 1103 3869 Maximianum
1126 3814 1291 3866 alium
1305 3852 1322 3877 ‚
1361 3811 1778 3866 Grammaticum
1801 3815 2202 3870 versificatorem
2217 3857 2234 3882 ‚
2268 3820 2423 3875 intel-

308 3909 401 3980 ligi
424 3919 604 3980 putat,
633 3903 821 3959 eodem
848 3916 1025 3957 tamen
1048 3903 1217 3975 elogio
1236 3902 1616 3956 Maximianum
1641 3915 1878 3956 nostrum
1900 3916 2053 3958 ornat
2081 3905 2214 3960 liber
2235 3926 2423 3962 manu-

306 3997 537 4068 scriptus
570 3993 1031 4064 Luncbnrgensis‚
1070 4009 1231 4063 quem
1272 3993 1323 4044 J.
1360 3992 1428 4044 N.
1466 3991 1724 4044 Niclasius
1749 3991 1817 4044 V.
1852 3991 1912 4046 C.
1939 3993 2192 4065 possidet,
2225 3996 2314 4050 ubi
2351 3998 2424 4052 ad

308 4083 472 4138 finem
498 4083 851 4153 subscriptum
880 4092 989 4135 est:
1019 4107 1045 4127 α
1062 4079 1349 4151 Explicitus
1378 4091 1457 4132 est
1485 4078 1834 4133 Maximianus
1861 4099 2036 4152 nugax
2054 4106 2096 4132 ι.

562 4175 726 4242 VII.
2061 4195 2132 4238 11
