2964 4690
533 353 670 435 204

1298 336 1881 411 ΜΑΧΙΜΙΑΝΙ

682 503 690 510 ·
721 474 986 539 Fecerat
1004 519 1023 552 ,
1047 479 1114 535 et
1153 477 1334 533 casto
1362 472 1629 554 pectore
1661 456 1867 526 durus
1899 479 2097 525 eram.

622 585 795 654 Nam
821 580 980 648 dum
1009 574 1359 670 proecipuae
1385 569 1583 664 cupio
1614 566 2019 661 mejungere
2047 564 2315 650 formae‚
2596 587 2647 638 ,s

717 687 1056 760 Permansi
1087 684 1288 755 viduo
1317 678 1597 775 frigidus
1622 700 1831 770 usque
1862 689 2034 746 toro.
2506 743 2511 750 ,

628 801 866 872 Omnis
901 797 1076 867 foeda
1110 793 1275 864 mihi
1317 805 1517 884 atque
1549 787 1765 857 omnis
1801 785 1965 854 mihi
1999 785 2243 854 rustica
2274 786 2413 854 visa
2444 799 2576 870 est,

719 908 1052 1002 Nullaque
1087 902 1399 997 conjugio
1433 899 1633 992 digna
1670 893 1884 990 puella
1918 919 2089 964 meo,

625 1019 994 1093 Horrebam
1033 1031 1296 1101 tenues,
1338 1007 1687 1078 horrebam
1733 1029 2013 1098 corpore
2050 1003 2366 1099 pingues:

720 1134 878 1202 Non
913 1127 1078 1196 mihi
1111 1138 1296 1221 grata
1337 1119 1589 1204 brevis,
1632 1140 1770 1184 non
1806 1113 1969 1183 mihi
2002 1113 2200 1209 longa
2234 1114 2379 1182 fuit.
2584 1137 2651 1202 οι.

632 1243 803 1310 Cum
849 1238 1068 1307 media
1108 1249 1366 1306 tantum
1409 1227 1608 1298 dilexi
1649 1225 1878 1296 ludere
1918 1223 2167 1293 forma:

729 1349 950 1442 Major
985 1347 1162 1416 enim
1193 1341 1428 1412 mediis
1461 1337 1672 1432 gratia
1706 1334 1901 1403 rebus
1930 1334 2121 1403 inest.

629 1458 946 1553 Corporis
979 1457 1098 1525 has
1130 1451 1340 1522 nostri
1373 1445 1591 1516 mollis
1622 1442 1885 1512 lascivia
1926 1456 2145 1535 partes

728 1566 1005 1652 Incolit;
1041 1566 1160 1633 has
1195 1559 1382 1631 sedes
1417 1569 1631 1624 mater
1671 1550 1917 1620 amoris
1950 1550 2170 1619 habet.

631 1677 1024 1768 Quaerebam
1055 1669 1401 1767 gracilem,
1437 1661 1554 1732 sed
1586 1659 1732 1754 quae
1771 1684 1907 1727 non
1938 1683 2159 1729 macra
2190 1659 2449 1728 fuisset:
2603 1687 2653 1724 ις

610 1933 697 1995 74.
733 1921 846 1975 Pro.
869 1924 1017 1972 durus
1063 1935 1196 1969 eram
1235 1908 1554 1970 Withofius,

541 2025 596 2077 p.
639 2005 768 2069 312,
802 2001 980 2054 mullet
1018 2001 1306 2052 dtameram5
1344 1990 1475 2062 quia
1499 1989 1553 2040 τὸ

549 2102 686 2135 eram
719 2080 899 2152 paullo
924 2089 1047 2132 aute
1073 2071 1370 2147 prooessit,
1403 2081 1456 2122 et
1489 2067 1554 2120 il-

543 2160 637 2214 lud
667 2160 854 2212 vicina
888 2157 1008 2212 voci
1039 2161 1241 2206 Fecerat
1265 2149 1453 2203 melius
1475 2166 1555 2200 re·

541 2237 778 2311 spondet.

615 2322 704 2389 76.
737 2320 893 2369 Viduo
897 2315 1124 2384 fir'gr‘dus
1149 2329 1303 2378 usque
1319 2323 1438 2361 toro.
1455 2308 1557 2359 Fri-

545 2418 664 2468 gore
697 2396 966 2460 dicuntur,
1003 2394 1095 2465 qui
1136 2390 1234 2443 soli
1271 2388 1470 2441 cubant
1505 2396 1559 2438 et

549 2478 662 2531 eine
695 2477 936 2547 conjuge.
977 2474 1214 2543 Propert.
1252 2470 1355 2531 IV,
1395 2484 1451 2535 7,
1476 2470 1552 2519 6:

542 2583 569 2603 u
587 2556 770 2621 Quum
803 2569 1052 2625 quererer
1091 2548 1213 2602 lecti
1259 2544 1448 2618 frigida
1473 2562 1555 2597 re-

465 2652 470 2658 ·
547 2653 648 2705 gua
669 2633 773 2686 mei
793 2659 839 2685 a.
862 2630 1060 2684 Tibull.
1085 2630 1140 2695 1,
1171 2629 1231 2693 8,
1254 2626 1351 2695 39:
1389 2650 1416 2670 e
1439 2640 1556 2695 quae

551 2714 747 2785 frigore
757 2713 866 2765 sola
885 2709 1140 2771 Dormiat,
1161 2718 1214 2761 et
1231 2706 1361 2758 nulli
1377 2704 1446 2757 eit
1464 2722 1557 2757 cu-

549 2791 743 2864 pienda
763 2792 879 2844 viro
907 2817 950 2841 a.
994 2787 1154 2843 Ovid.
1189 2787 1304 2836 Am.
1341 2782 1449 2845 111,
1492 2782 1554 2845 5,

548 2882 610 2937 4²
633 2890 646 2925 :
681 2897 703 2919 ι
722 2870 966 2941 Frigidus
1001 2869 1056 2921 in
1080 2865 1243 2919 viduo
1272 2862 1555 2916 destituere

553 2966 670 3004 toro
689 2976 730 3001 n.

621 3047 708 3100 79.
733 3032 938 3098 Corpore
953 3030 1161 3095 pingues
1193 3026 1414 3095 vulgato
1429 3041 1446 3084 3
1459 3041 1551 3089 pe-

551 3124 684 3161 ctore
721 3110 792 3161 V.
833 3118 884 3159 et
912 3104 1004 3157 Gr.
1049 3122 1169 3175 qun
1205 3101 1360 3155 lectio
1383 3100 1559 3154 valere

552 3207 660 3240 non
687 3198 874 3259 potest.
897 3215 965 3225 —-
992 3184 1200 3237 Alicubi
1225 3180 1440 3235 memini
1475 3198 1561 3233 me

551 3268 724 3338 legere
747 3282 949 3336 tangere
967 3268 1192 3333 pingues.
1219 3264 1320 3315 En.
1435 3266 1440 3271 ’

623 3347 706 3399 8ο.
760 3350 866 3397 Neo
930 3347 1107 3396 mihi...
1157 3362 1250 3393 nec
1297 3340 1559 3410 pleraque

553 3425 793 3495 vulgata.
810 3428 922 3475 Non
939 3426 1074 3475 mihi.
1091 3458 1103 3474 .
1124 3461 1137 3474 .
1162 3440 1262 3473 non
1281 3419 1348 3471 V.
1364 3420 1426 3471 R.
1443 3416 1560 3470 cod.

555 3503 731 3557 Pulm.
769 3514 820 3556 et
861 3504 927 3556 G.
958 3500 1121 3572 idque
1144 3498 1461 3555 servandum
1485 3498 1563 3550 vi-

555 3582 726 3634 detur.
747 3612 814 3622 -
831 3587 942 3634 Non
963 3584 1081 3634 mihi
1094 3590 1246 3650 grata
1262 3582 1429 3631 brevis.
1448 3576 1562 3629 Alia

553 3679 702 3713 mens
719 3658 928 3721 ovidio,
954 3662 1070 3711 Am.
1090 3661 1161 3724 11,
1183 3666 1242 3724 4,
1271 3658 1355 3711 36:
1381 3682 1406 3702 α
1425 3656 1563 3709 Con·

555 3740 772 3793 veniunt
784 3750 908 3791 voto
923 3739 1076 3809 longa
1093 3737 1368 3809 brevisque
1387 3754 1506 3788 meo
1522 3761 1563 3789 n.

633 3820 692 3871 81
706 3859 717 3871 .
773 3822 886 3870 Cum
938 3821 1100 3869 media
1146 3831 1348 3871 tantum.
1379 3818 1562 3881 Quum

558 3919 586 3950 a
625 3900 956 3951 matrimonio
983 3896 1320 3950 abhorrerem
1337 3935 1352 3961 ,
1391 3894 1565 3947 amavi

555 3990 758 4031 tantum
790 3976 974 4031 ludere
991 3996 1112 4031 cum
1133 3975 1340 4047 puellis,
1362 3974 1426 4027 iis
1443 3974 1564 4044 qui-

562 4056 706 4119 dem,
747 4076 863 4129 quae
907 4056 1092 4109 medix
1138 4054 1323 4107 sonno
1365 4064 1535 4107 essent
1558 4093 1571 4117 ,

1644 1906 1684 1956 i.
1718 1923 1763 1957 e.
1804 1917 1862 1958 ut
1893 1923 2045 1958 versu
2083 1905 2355 1977 superiore
2390 1903 2611 1976 explieat
2636 1943 2653 1967 ,

1642 2003 1761 2056 qun
1784 2001 1955 2056 neque
1973 1985 2156 2038 breves
2170 2001 2340 2056 neque
2354 1985 2538 2054 longa.
2558 1982 2653 2035 En.

1714 2065 1801 2116 8⁴2.
1822 2067 1991 2132 Major
2021 2067 2148 2116 em'm
2184 2066 2373 2115 mediis.
2401 2061 2652 2116 Similiter

1644 2141 1920 2206 Martialis,
1937 2145 1984 2207 Ι,
2014 2143 2097 2203 58,
2121 2143 2214 2195 ubi
2231 2181 2249 2205 ‚
2273 2143 2483 2212 qualem
2510 2139 2657 2212 puel-

1644 2222 1750 2273 lam
1778 2221 1932 2285 velit,
1965 2220 2231 2275 ostendit:
2265 2219 2474 2287 -Illud,
2504 2219 2651 2292 quod

1648 2298 1885 2353 medium
1912 2312 1989 2354 est
2006 2341 2022 2368 ,
2041 2311 2197 2373 atque
2216 2299 2353 2354 inter
2372 2311 2656 2372 utrumque

1645 2379 1929 2451 probamus
1944 2406 1967 2425 n
1977 2421 1990 2433 .

1714 2459 1798 2511 83.
1830 2461 2051 2527 Corporis
2088 2462 2181 2511 kas
2221 2461 2388 2510 noso-i.
2424 2460 2469 2509 Α.
2496 2456 2653 2509 rebus

1644 2536 1856 2603 mediis,
1881 2536 1938 2590 h.
1958 2556 2003 2591 e.
2024 2538 2116 2600 iis,
2146 2556 2261 2609 quae
2274 2535 2651 2591 mediocritatis

1642 2616 1853 2671 laudem
1892 2617 2119 2682 habent,
2161 2616 2431 2689 inopinato
2470 2615 2661 2668 munit

1643 2696 1711 2750 ad
1747 2708 1925 2769 partes
1966 2696 2160 2749 medias
2196 2696 2459 2765 corporis,
2496 2694 2663 2746 rebus

1644 2776 1865 2829 Veneris
1890 2776 2250 2829 inservientes.
2278 2775 2411 2839 Qun
2440 2771 2659 2843 μιτάὃα-

1646 2876 1711 2915 σις
1742 2867 1801 2907 ut
1821 2856 1985 2908 aliene
2010 2858 2078 2907 ab
2112 2854 2215 2908 hoc
2252 2853 2371 2907 loco
2397 2864 2451 2906 et
2472 2864 2657 2905 coacta

1646 2946 1747 2997 est,
1782 2935 1851 2987 ita
1886 2933 2034 2986 haud
2077 2934 2193 2986 leve
2236 2931 2518 3004 protervia
2558 2948 2655 2982 uu·

1648 3014 1805 3067 ctoris
1816 3012 2213 3065 documentum.
2230 3012 2375 3063 Idem
2392 3011 2661 3075 mentitur,

1648 3106 1699 3146 et
1738 3110 1914 3145 secum
1958 3102 2155 3163 pugnat
2168 3130 2184 3156 ,
2228 3089 2351 3162 quia
2394 3088 2657 3142 contraria

1648 3172 1848 3225 dixerat
1878 3188 1932 3221 v.
1962 3170 2051 3239 73.

1720 3251 1805 3314 84.
1831 3254 1995 3301 Mater
2018 3252 2198 3317 amoris
2224 3252 2382 3301 habet.
2401 3246 2663 3301 Similiter

1649 3329 1805 3385 ovid.
1822 3332 1934 3382 Art.
1951 3331 2067 3381 Am.
2081 3329 2137 3380 11
2156 3369 2171 3394 ,
2194 3330 2312 3399 708.

1720 3408 1803 3462 85.
1830 3412 1928 3460 Sed
1950 3428 2050 3460 mm
2084 3428 2195 3475 quoe
2232 3426 2405 3459 macra
2437 3406 2661 3476 vulgate

1650 3489 1911 3559 pleraque
1940 3487 2034 3539 Pu.
2075 3486 2153 3538 Pi.
2189 3487 2256 3539 Ο.
2290 3490 2381 3537 sed
2404 3504 2519 3553 quoe
2558 3504 2659 3535 non

1650 3587 1819 3619 macra
1837 3568 1908 3619 V.
1938 3567 2000 3619 L.
2032 3566 2098 3619 G.
2112 3569 2291 3617 -Sed
2306 3584 2419 3633 quoe
2442 3584 2543 3614 non
2556 3584 2666 3614 ma·

1650 3668 1737 3700 cm
1765 3650 1968 3716 finient.
2006 3646 2293 3699 Discrimen
2306 3685 2322 3710 ‚
2354 3642 2499 3715 quod
2531 3642 2668 3695 inter

1644 3730 1879 3797 gracilem
1901 3737 1951 3777 et
1977 3744 2197 3777 macram
2214 3736 2292 3778 est
2310 3762 2327 3786 ,
2347 3742 2410 3775 ex
2426 3722 2531 3773 hoc
2545 3722 2669 3792 ipso

1651 3825 1807 3863 versu
1826 3805 2125 3858 Maximiani
2141 3804 2333 3856 notavit
2350 3800 2483 3854 Sert.
2506 3800 2669 3853 Ursa·

1650 3900 1737 3939 tus
1758 3886 1811 3938 in
1834 3886 2074 3937 Menum.
2101 3885 2275 3937 Putav.
2308 3901 2359 3953 p.
2384 3899 2502 3950 271.
2524 3880 2671 3932 Gra·

1654 3966 1771 4019 cilis
1796 3978 1870 4019 est
1886 3976 2090 4028 nutura,
2110 3982 2285 4016 macra
2310 3961 2440 4013 vitio
2458 3958 2669 4011 valetu-

1656 4047 1813 4101 dinis.
