2964 4690
312 464 678 487 mm
683 464 2419 489 mmmmmmmmmfflm

1330 706 1433 759 DE

352 928 933 1075 SYMPOSII
1003 932 1434 1024 POETAE
1499 931 2412 1024 AENIGMATIBUS

487 1157 1056 1230 TESTIMONIA
1105 1160 1636 1231 AUCTORUM
1684 1159 1804 1231 Ac
1852 1162 1888 1229 J
1892 1160 2240 1231 UDICIA‘.

1076 1416 1662 1457 w

312 1666 361 1729 1.
394 1664 913 1731 ALDHELMUS
948 1666 1212 1749 Scotus,
1248 1667 1363 1756 qui
1393 1690 1500 1734 an.
1534 1690 1665 1756 709
1706 1667 1903 1751 obiit,
1934 1668 2004 1731 in
2043 1667 2322 1758 Prologo
2347 1692 2446 1735 se-

924 1772 1143 1837 cundo
1177 1772 1326 1840 libri
1352 1772 1822 1865 AEnigmatum.

393 1952 771 2041 symposius
804 1970 995 2043 poeta
1020 1954 1300 2019 metricoe
1332 1954 1487 2019 artis
1509 1954 1739 2045 peritia
1769 1952 2076 2044 praeditus
2095 2000 2116 2035 ,
2151 1952 2435 2018 occultas

307 2060 721 2150 aenigmatum
756 2062 1232 2151 propositiones
1259 2063 1404 2127 exili
1431 2064 1696 2128 materia
1733 2078 2022 2151 sumptas
2059 2059 2436 2126 ludibundis

307 2166 598 2254 apicibus
644 2167 877 2259 legitur
906 2168 1213 2234 cecinisse
1231 2217 1250 2252 ,
1296 2184 1364 2233 et
1400 2168 1683 2258 singulas
1723 2190 2012 2257 quasque
2042 2165 2438 2256 propositio-

310 2292 471 2335 num
503 2270 812 2337 formulas
842 2272 1050 2337 tribus
1076 2273 1371 2338 versibus
1398 2272 1794 2340 terminasse.

308 2481 394 2546 11.
428 2481 503 2546 SI
511 2480 953 2550 GEBERTUS
991 2483 1411 2551 GEMBLAC.
1451 2484 1535 2549 de
1567 2485 1800 2573 Script.
1827 2485 2072 2550 Eccles.
2104 2507 2243 2578 cup.
2289 2509 2316 2552 1
2330 2486 2432 2552 32.

396 2685 706 2752 Adelmus
727 2686 873 2774 (vel
904 2686 1325 2775 Aldhelmus)
1346 2686 1750 2800 Episcopus,
1774 2689 2063 2753 imitatus
2087 2690 2436 2780 Symphro-

306 2793 519 2875 sium,
566 2794 681 2880 qui
724 2814 843 2882 per
869 2775 1393 2881 prosopopoeiam
1422 2793 1758 2880 qualitates
1789 2791 2188 2882 singularum
2217 2816 2434 2858 rerum

306 2899 673 3017 exprimens
708 2897 963 2986 scripsit
1004 2896 1246 2960 librum
1286 2897 1700 2986 aenigmatum
1731 2899 2034 2982 metrice,
2069 2898 2431 2987 exprimens

306 3019 371 3068 et
402 3002 539 3092 ipse
572 3001 910 3090 qualitates
936 3023 1182 3083 rerum,
1206 3002 1460 3092 scripsit
1484 2999 1933 3094 AEnigmntum
1957 2947 2196 3068 librum
2212 3053 2233 3088 ,
2267 3019 2334 3068 et
2362 3003 2430 3067 in

306 3109 482 3175 mille
513 3109 806 3174 versibus
834 3108 1308 3200 consummavit
1328 3108 1515 3174 illum
1531 3155 1560 3192 ,-
1582 3125 1706 3176 etc.

304 3311 422 3374 111.
449 3309 931 3382 ANONYMUS
954 3309 1338 3376 Mellicensis
1354 3359 1373 3394 ,
1402 3311 1484 3376 de
1505 3310 1815 3401 Scriptor.
1843 3311 2083 3377 Eccles.
2111 3333 2251 3399 cap.
2277 3310 2426 3398 73¹·

394 3495 855 3584 symphrosius
871 3543 891 3579 ‚
920 3497 1021 3560 vir
1046 3493 1516 3560 eruditissimus
1545 3516 1846 3560 sermone
1879 3515 1958 3559 ac
1991 3493 2256 3558 scientia
2280 3515 2429 3578 sua,

304 3601 510 3666 nihilo
548 3601 762 3665 minus
801 3599 1024 3665 scribit
1062 3599 1429 3691 AEnigmata
1446 3651 1463 3683 ‚
1517 3623 1662 3688 quoe
1705 3621 1910 3688 quum
1950 3595 2276 3686 hodieque
2311 3599 2425 3663 ha-

304 3707 584 3771 beantur
609 3729 647 3770 a
670 3706 967 3796 pluribus
980 3754 1001 3789 ,
1028 3729 1148 3772 nos
1188 3723 1401 3771 tamen
1440 3704 1722 3771 necdum
1749 3703 2172 3794 legendorum
2197 3725 2424 3768 eorum

305 3811 559 3900 copiam
586 3811 823 3876 habere
851 3811 1207 3900 potuimus.

396 3916 821 3982 Heumannus
848 3917 917 3980 in
942 3915 1193 3982 Praefat.
1217 3915 1301 3980 ad
1322 3915 1634 3981 Lactantii
1656 3913 2070 4003 symposium
2086 3961 2107 3996 ,
2127 3923 2160 3991 ς
2179 3911 2424 3994 XXIV,

306 4019 617 4086 mendose
646 4022 959 4112 scriptum
1000 4021 1129 4087 hoc
1164 4021 1311 4087 loco
1351 4021 1668 4086 existimat
1705 4019 1906 4086 nihilo
1941 4022 2146 4084 minus
2181 4015 2390 4083 scn'bit
2406 4065 2424 4099 ‚

305 4141 503 4214 atque
534 4127 627 4191 sic
664 4125 1004 4194 emendat:
1036 4149 1312 4193 sermone
1346 4149 1426 4192 ac
1456 4128 1711 4193 sebasia
1746 4123 1958 4190 clarus
1982 4123 2144 4210 sgrlo
2173 4123 2426 4188 metrico
