2964 4690
500 357 641 453 296
1266 358 1870 427 PROOEMIUM

498 488 731 553 tentius
766 487 1090 575 sapientiae
1110 536 1127 569 ‚
1166 487 1235 549 in
1274 488 1724 575 congressibus
1761 489 2122 575 sapientum
2169 501 2236 549 et
2269 487 2582 553 conviviis
2607 538 2628 569 ‚

499 594 583 658 ad
621 593 931 659 doctrinae
962 595 1461 659 ostentationem
1497 596 1736 683 pariter
1751 644 1768 676 ,
1805 617 1879 659 ac
1913 594 2298 658 hilaritatem
2339 595 2630 659 excitan-

496 700 647 764 dam
678 700 1064 788 compositas
1087 748 1104 781 ,
1136 715 1279 764 tum
1310 700 1506 765 etiam
1537 700 1804 765 collecta
1839 722 1918 764 ex
1947 699 2226 788 antiquis
2255 700 2632 789 quibusque

497 806 918 894 scriptoribus
951 806 1267 894 permulta
1304 804 1720 895 aenigmatum
1756 805 2044 894 exempla
2065 852 2084 886 ,
2118 821 2500 869 enarrarunt
2521 806 2632 869 in-

504 926 604 975 ter
640 911 903 975 Veteres
940 910 1216 974 maxime
1249 911 1594 975 Athenaeus
1625 910 1753 999 (1),
1788 910 1913 977 Jul.
1941 910 2171 976 Pollux
2198 909 2291 1000 (2)
2307 958 2325 993 ‚
2357 912 2433 975 A.
2473 911 2632 976 Gel—

496 1016 621 1083 lius
668 1014 807 1105 (3),
862 1016 1230 1081 Macrobius
1271 1016 1405 1105 (4);
1452 1018 1624 1081 inter
1671 1017 2062 1083 recentiores
2107 1016 2232 1081 Lil.
2269 1017 2460 1107 Greg.
2503 1016 2635 1105 Gy-

498 1122 716 1187 raldus
741 1120 877 1210 (5),
915 1123 1141 1187 Caelius
1176 1124 1600 1213 calcagninus
1627 1122 1722 1210 (6)
1739 1170 1760 1207 ‚
1797 1124 2025 1189 Caelius
2065 1120 2475 1213 Rhodiginus
2507 1120 2634 1209 (7),

498 1229 625 1291 Iac.
658 1227 993 1293 Pontanus
1026 1226 1121 1316 (8)
1139 1278 1159 1312 ,
1197 1245 1262 1293 et
1293 1230 1399 1293 alii
1425 1229 1644 1318 plures
1667 1278 1686 1312 ,
1723 1251 1891 1316 quos
1919 1242 2210 1294 recenset
2239 1228 2385 1294 Nic.
2419 1228 2636 1291 Reus-

496 1354 693 1397 nerus
732 1333 802 1397 in
845 1334 1520 1424 AEnigmatographia3
1567 1352 1711 1400 tum
1754 1334 2176 1399 Casaubonus
2212 1335 2284 1397 in
2320 1331 2636 1397 Animad-

496 1460 659 1501 vers.
710 1436 793 1501 ad
832 1438 1219 1503 Athenaeum
1268 1438 1397 1526 (9),
1430 1456 1497 1503 et
1529 1441 1728 1504 Conr.
1767 1439 2238 1504 Rittershusius
2259 1486 2278 1519 ,
2319 1437 2434 1526 qui
2469 1437 2634 1500 aeni-

499 1559 711 1633 gmata
737 1560 1031 1607 veterum
1053 1562 1395 1632 poetarum
1419 1546 1792 1612 Groecorum
1815 1546 2326 1631 Latinorumque
2349 1542 2633 1632 collegit,

500 1648 583 1713 ad
611 1649 847 1713 calcem
870 1648 1161 1733 Phaedri,
1191 1650 1397 1741 Lugd.
1419 1654 1554 1717 Bat.
1589 1650 1786 1737 1598,
1811 1651 1976 1715 in-8.
2005 1652 2417 1737 Quamquam
2432 1671 2592 1712 vero
2615 1696 2635 1729 ‚

504 1768 579 1815 ut
610 1774 689 1815 ex
722 1752 823 1815 his
859 1754 1279 1841 scriptoribus
1304 1771 1481 1843 patet
1499 1803 1518 1836 ,
1547 1757 1962 1845 aenigmatum
1991 1756 2316 1819 variorum
2339 1754 2636 1841 exempla

505 1878 719 1946 sparsa
742 1878 860 1945 per
878 1857 1373 1941 historicorum,
1409 1860 1970 1955 philosophorum,
2006 1860 2343 1924 rhetorum
2359 1907 2378 1941 ,
2405 1872 2634 1946 poeta·

504 1985 653 2026 rum
672 1980 1097 2027 monumenta
1119 1986 1354 2053 magno
1374 1986 1652 2029 numero
1673 1981 1828 2030 sunt
1841 2016 1858 2048 ‚
1879 1965 2067 2053 pauci
2089 1982 2305 2029 tamen
2330 1986 2368 2028 e
2389 1964 2632 2029 Graecis

504 2069 745 2157 reperti
776 2083 931 2133 sunt
950 2114 969 2149 ,
1004 2068 1117 2155 qui
1152 2068 1397 2157 griphis
1442 2084 1508 2133 et
1549 2060 1995 2159 aenigmatibus
2041 2068 2478 2159 excogitandis
2499 2118 2518 2151 ,
2563 2084 2638 2133 et

505 2174 815 2263 singulari
848 2174 1015 2238 libro
1041 2172 1393 2262 prodendis
1416 2197 1486 2237 se
1508 2174 1754 2241 darent.
1781 2176 2170 2242 Cleobulum
2185 2226 2204 2257 ,
2227 2174 2636 2264 Lyndiorum

508 2295 882 2368 tyrannum,
914 2294 979 2342 et
1010 2278 1496 2367 philosophum,
1522 2281 1766 2343 cantica
1798 2296 1864 2348 et
1886 2282 2150 2371 griphos
2177 2279 2260 2343 ad
2290 2279 2413 2345 tria
2435 2278 2637 2343 millia

504 2407 812 2450 versuum
856 2371 1181 2473 scripsisse
1198 2432 1215 2467 ,
1257 2385 1628 2474 pariterque
1671 2387 1990 2452 Eumeten
2012 2435 2031 2469 ,
2072 2386 2370 2451 Cleobuli
2405 2384 2602 2450 filiam
2615 2435 2636 2468 ,

447 2559 453 2564 ,
508 2512 703 2584 quam
740 2488 938 2579 vulgo
980 2488 1060 2554 de
1097 2490 1295 2578 patris
1334 2491 1598 2554 nomine
1619 2489 2069 2555 Cleobulinam
2093 2490 2452 2579 adpellant,
2478 2491 2638 2554 aeni-

509 2611 722 2684 gmata
735 2594 1123 2659 hexametris
1144 2594 1533 2677 condidisse,
1548 2611 1912 2661 memorant
1926 2597 2246 2686 Diogenes
2259 2597 2467 2661 Laert.
2493 2594 2632 2682 (ιο)

506 2701 855 2765 Athenaeus
871 2699 930 2788 (1
948 2723 974 2764 1
984 2698 1031 2787 ),
1048 2701 1432 2766 Plutarchus
1446 2701 1505 2788 (1
1521 2699 1602 2789 α).
1611 2701 1785 2766 Alios
1800 2701 2171 2784 nonnullos,
2185 2701 2638 2766 utDiotimum

512 2807 885 2896 Olympium
912 2856 930 2891 ,
988 2808 1371 2872 Clearchum
1396 2857 1415 2890 ,
1466 2807 1900 2874 Theodectem
1921 2855 1940 2892 ,
1990 2809 2336 2874 Dromeam
2379 2810 2594 2874 Coum
2613 2857 2634 2891 ,

578 3011 659 3078 (1)
696 3007 947 3080 Deipnos.
972 3006 1061 3061 lib.
1087 3008 1139 3059 X
1155 3048 1172 3074 ‚
1196 3027 1307 3078 cap.
1332 3009 1393 3062 15
1417 3028 1561 3081 seqq.

582 3099 660 3165 (a)
695 3095 814 3149 Lib.
833 3095 948 3158 vl,
969 3113 1087 3166 cap.
1113 3113 1206 3164 19,
1237 3115 1294 3147 11.
1325 3115 1437 3166 107.

581 3185 658 3253 (3)
693 3185 845 3237 Noct.
866 3186 973 3237 An.
990 3183 1083 3236 lib.
1104 3183 1296 3238 XVIII
1311 3225 1327 3250 ,
1346 3203 1465 3259 cap.
1495 3205 1540 3239 2.

579 3275 658 3341 (4)
690 3275 895 3332 Satura.
918 3271 1007 3327 lib.
1028 3275 1165 3338 vn,
1191 3291 1309 3346 cap.
1341 3293 1363 3326 1
1398 3293 1546 3347 seqq.

584 3359 661 3428 (5)
694 3359 901 3415 Libello
938 3359 1125 3432 singul.
1164 3363 1215 3412 in
1246 3381 1344 3430 quo
1375 3363 1648 3431 aenigmata
1665 3369 1910 3433 pleraque
1941 3370 2250 3436 antiquorum
2289 3372 2606 3436 explicantur·
2621 3406 2638 3432 ,

513 3446 652 3518 opp.
679 3459 808 3502 tom.
834 3449 915 3513 11,
941 3470 991 3518 p.
1018 3453 1139 3503 610.

587 3535 665 3604 (6)
698 3535 919 3608 Epistol.
940 3537 1136 3603 Quoest.
1160 3536 1252 3591 lib.
1280 3537 1392 3606 111,
1418 3539 1562 3610 opp.
1589 3558 1644 3610 p.
1676 3545 1764 3604 44.

584 3623 661 3690 (7)
694 3624 876 3695 Autiq.
904 3623 1055 3678 Lect.
1080 3625 1173 3678 lib.
1198 3625 1435 3678 XXVIII
1451 3665 1467 3692 ,
1487 3644 1600 3698 cap.
1623 3632 1673 3690 4.

580 3709 658 3775 (8)
694 3709 762 3761 In
788 3709 1009 3782 Dialogo
1028 3751 1043 3779 ,
1081 3711 1172 3783 qui
1201 3713 1503 3768 inscribitur
1521 3717 1824 3784 AEm'gmaea.

578 3797 657 3864 (9)
698 3794 778 3849 Ad
804 3797 897 3850 lib.
926 3797 1011 3866 X,
1046 3817 1169 3872 esp.
1200 3801 1287 3865 1⁵,
1333 3805 1428 3868 16,
1462 3819 1548 3874 17,
1594 3804 1657 3857 18
1688 3821 1832 3875 seqq.

584 3887 698 3956 (10)
734 3885 853 3938 Lib.
880 3887 910 3938 1
940 3887 995 3940 in
1023 3889 1297 3943 Cleobule.

586 3973 702 4044 (11)
732 3973 845 4028 Lib.
866 3973 946 4039 X,
980 3994 1094 4048 cap.
1114 3975 1197 4030 15.

592 4063 641 4128 (1
654 4063 706 4130 s)
740 4061 806 4114 In
830 4061 1048 4118 Conviv.
1075 4074 1205 4135 sept.
1226 4065 1347 4136 Sap.
1370 4067 1475 4120 vol.
1493 4067 1571 4120 vl
1588 4107 1604 4134 ‚
1633 4068 1774 4142 Opp.
1795 4066 1916 4122 edit.
1935 4067 2108 4122 Reisk.
2129 4087 2182 4141 p.
2210 4070 2328 4130 562.
