2964 4690
664 395 1303 463 TESTIMONIA
1356 392 1973 475 AUCTORUM,
2022 404 2148 460 etc.
2327 390 2467 479 345

338 525 515 589 mine
564 539 792 588 auctor
834 522 1195 589 censendus
1212 572 1235 605 ,
1285 546 1367 589 an
1412 546 1693 613 persona
1735 522 2056 611 quaepiam
2095 519 2467 587 convivialis

339 629 752 717 symposium
824 645 1031 694 totum
1115 630 1263 695 libri
1325 629 1590 695 titulum
1653 628 1892 693 fecerit.
1965 627 2096 693 Sed
2146 648 2288 691 eam
2341 626 2467 691 du·

340 734 721 800 bitationem
780 736 1060 801 eximere
1116 735 1311 801 debet
1356 737 1498 825 ipse
1531 737 1730 801 Poeta
1761 735 1830 799 in
1866 732 2240 822 praefatione
2275 732 2359 797 de
2399 754 2470 799 se

342 840 629 905 scribens
666 840 795 906 hoc
834 858 1025 930 pacto
1064 865 1081 906 :
1114 842 1271 907 Hoee
1310 866 1554 931 quoque
1585 842 1974 931 Symzposius,
2002 855 2123 903 etc.
2160 840 2246 903 Et
2281 839 2467 903 insu-

342 966 461 1034 per
484 944 868 1011 Aldhelmus
900 947 1274 1037 praefatione
1308 970 1581 1013 suorum
1613 946 2060 1036 AEnigmatum
2075 990 2267 1009 .....
2310 944 2474 1025 Qui·

343 1049 468 1115 bus
500 1052 711 1117 verbis
750 1074 886 1117 non
928 1053 1321 1119 incelebrem
1357 1054 1515 1118 olim
1548 1053 1720 1119 fama
1745 1053 2126 1141 scriptorem
2158 1049 2356 1114 fuisse
2377 1048 2471 1115 di-

346 1178 516 1240 scas,
548 1172 624 1221 ut
651 1179 729 1221 ex
759 1157 961 1246 ipsius
1000 1182 1265 1248 quoque
1302 1160 1676 1225 testimonio
1717 1158 1915 1223 modo
1945 1156 2268 1245 adscripto
2288 1202 2308 1237 ,
2349 1155 2468 1219 ubi

346 1262 483 1325 hoec
503 1260 699 1326 verba
717 1262 872 1327 Hoec
885 1286 1215 1352 quoquam.
1240 1266 1517 1354 amplam
1540 1280 1691 1328 ante
1712 1263 1892 1327 hunc
1911 1262 2198 1327 libellum
2221 1258 2470 1324 editum

347 1367 737 1455 scriptorum
777 1370 1027 1457 copiam
1063 1368 1424 1458 designant.
1460 1369 1908 1435 Celebritatem
1941 1367 2152 1456 arguit
2182 1363 2470 1445 ejusdem

349 1472 539 1535 etiam
570 1490 797 1539 auctor
824 1473 928 1538 vel
966 1475 1281 1564 interpres
1316 1476 1615 1540 Historiae
1649 1474 1972 1563 Apollonii
2014 1472 2232 1561 Tyrii,
2265 1469 2470 1534 duleis

350 1578 625 1666 scriptor
650 1594 715 1642 et
749 1577 1071 1662 eruditus,
1098 1582 1213 1669 qui
1240 1581 1323 1647 de
1342 1583 1625 1646 Centum
1649 1580 1970 1669 Symposii
1993 1575 2470 1665 AEnigmatibus

348 1683 564 1770 petitis
596 1684 886 1748 versibus
926 1706 1194 1749 suorum
1231 1686 1632 1775 Sapientiam
1672 1685 2033 1750 doctrinam
2063 1678 2471 1772 spectandam

350 1808 719 1875 proponere
748 1788 972 1853 voluit.
994 1790 1081 1853 Et
1100 1806 1315 1879 potest
1341 1806 1416 1854 ut
1440 1790 1731 1872 ejusdem
1757 1790 1904 1853 libri
1925 1788 2099 1853 idem
2125 1788 2260 1875 ipse
2285 1787 2477 1851 etiam

350 1892 727 1980 Symposius
755 1892 839 1958 sit
868 1892 1190 1976 conditor,
1220 1893 1403 1982 quod
1438 1898 1631 1959 etiam
1666 1893 2011 1959 doctorum
2051 1891 2378 1957 nonnullis
2405 1890 2476 1955 in

352 2014 637 2063 mentem
663 2013 812 2063 ante
838 2021 956 2063 nos
978 2000 1231 2064 venisse
1252 2000 1462 2065 vide0.

354 2227 477 2292 xl.
518 2226 707 2293 GER.
736 2228 770 2291 J
773 2228 851 2291 Ο.
885 2226 1235 2293 VOSSIUS
1261 2227 1343 2293 de
1365 2228 1580 2293 Poetis
1605 2228 1846 2292 Latinis
1863 2273 1881 2307 ,
1905 2247 2045 2314 cap.
2069 2224 2246 2289 VIII.
2274 2245 2340 2312 p.
2369 2221 2475 2288 86.

440 2422 819 2511 Symposius
874 2422 1157 2486 carmine
1214 2421 1588 2486 hexametro
1636 2420 1972 2509 aenigmata
2024 2433 2288 2484 centum
2331 2439 2482 2482 con-

356 2527 643 2616 scripsit:
670 2550 814 2615 quae
837 2527 1157 2617 Iosephus
1177 2527 1451 2591 Castalio
1473 2526 1733 2590 scholiis
1755 2524 2110 2589 illustravit.
2137 2522 2306 2587 Sunt
2323 2543 2480 2586 vero

356 2655 493 2698 non
533 2634 905 2715 invenusta3
942 2649 1300 2720 utcumque
1340 2631 1539 2695 Lilius
1580 2628 1901 2719 Gyraldus
1937 2628 2116 2693 haud
2150 2628 2367 2718 magni
2405 2649 2480 2692 ea

355 2738 580 2804 fecisse
599 2739 913 2816 videatur,
935 2739 1002 2803 in
1020 2739 1237 2804 libello
1273 2738 1355 2803 dc
1369 2736 1880 2826 AEnigmatibus3
1905 2735 2022 2799 ubi
2059 2733 2270 2798 adfert
2303 2734 2482 2820 Sym-

354 2845 523 2932 posii
545 2846 817 2934 aenigma
832 2846 915 2912 de
930 2845 1195 2910 Somno.
1218 2843 1347 2910 Sed
1362 2859 1594 2933 praeter
1611 2863 1682 2906 ea
1695 2891 1714 2925 ,
1737 2863 1882 2930 quoe
1899 2861 2129 2904 excusa
2145 2839 2482 2920 habemus,

358 2970 706 3040 supersunt
726 2953 845 3018 alia
867 2954 1015 3018 satis
1034 2951 1285 3041 frigida,
1305 2952 1517 3039 aliqua
1537 2950 1730 3015 etiam
1753 2948 2030 3014 obscena
2042 2994 2062 3030 ,
2079 2967 2224 3035 quoe
2242 2943 2480 3010 idcirco

359 3053 617 3120 omissa.
648 3055 733 3118 Et
766 3071 1032 3143 propter
1049 3055 1172 3119 ista
1208 3055 1299 3119 sic
1328 3052 1528 3118 Lilius
1551 3050 1874 3141 scripserit
1888 3099 1907 3133 ,
1929 3050 2042 3138 qui
2065 3061 2481 3137 conspexerat

359 3181 527 3248 opus
548 3160 892 3251 integrum.
