2964 4690
1190 379 1621 447 ELEGIAE.

2330 373 2468 446 235

537 504 668 570 Par
708 515 864 570 aetas
901 501 1158 570 animos
1199 498 1555 570 conciliare
1590 499 1770 570 solet.

449 613 516 680 Si
548 610 751 679 modo
777 635 914 681 non
943 634 1250 705 possum,
1287 611 1622 706 quondam
1663 611 1955 705 potuisse
1976 625 2345 679 memento:
2424 625 2473 664 ⁵5

545 722 644 792 Sit
681 723 872 806 satis,
899 737 976 792 ut
1007 721 1338 816 placeam,
1373 747 1476 790 me
1512 720 1837 816 placuisse
1872 721 2079 815 prius.

455 833 800 901 Permanet
831 831 1142 902 invalidis
1177 833 1537 902 reverentia
1570 832 1789 926 prisca
1820 829 2105 908 colonis:

544 941 750 1031 Quod
787 942 948 1030 fuit,
991 944 1062 1013 in
1105 943 1330 1013 vetulo
1363 943 1570 1012 milite
1606 941 1794 1013 miles
1828 956 2029 1010 amat.

457 1052 770 1122 Rusticus
806 1069 1151 1148 expertum
1177 1053 1388 1124 deflet
1429 1077 1705 1123 cessasse
1737 1053 2141 1146 juvencum:

553 1165 728 1231 Cum
756 1189 894 1258 quo
917 1165 1298 1249 consenuit,
1332 1165 1544 1234 victor
1578 1163 1867 1232 honorat
1900 1185 2168 1256 equum.
2432 1182 2485 1217 ⁶⁰

363 1418 686 1551 Ξῖᾭῗιῗὲ
714 1401 1112 1534 ..Ἓοὲᾞωὲἒ
1125 1421 1257 1535 Ἷῖίὶἒ
1275 1402 1380 1536 ¹¹3

365 1577 527 1630 quam
554 1558 802 1612 arbitror.
843 1557 950 1612 Sed
975 1580 1110 1612 cana
1137 1580 1240 1633 pro
1263 1565 1381 1614 alba

367 1650 675 1711 usurpatum
711 1655 824 1690 non
861 1657 985 1692 raro
1003 1639 1196 1711 probat
1216 1639 1384 1693 addu-

367 1730 482 1770 ctus
499 1735 682 1771 versus
703 1735 770 1771 ex
789 1717 953 1770 Anth.
975 1717 1065 1771 lib.
1087 1717 1136 1785 1,
1173 1737 1260 1790 ep.
1285 1719 1378 1774 13:

369 1823 394 1842 ιι
409 1796 680 1850 Οοτιιίωι
721 1813 850 1850 cana
891 1797 990 1850 sub
1027 1797 1150 1850 nive
1185 1798 1387 1851 Pontus

370 1887 518 1928 eret·
537 1917 553 1942 ,
593 1875 739 1948 quod
779 1875 847 1929 de
872 1877 1004 1929 mari
1025 1877 1231 1930 Euxino
1256 1896 1386 1932 con·

373 1956 546 2026 gelato
575 1968 626 2008 et
652 1955 864 2008 nivibus
892 1967 1030 2009 tecto
1051 1955 1160 2010 dici
1181 1969 1356 2030 posset
1371 1997 1386 2022 ,

371 2034 466 2089 sed
503 2034 598 2089 hic
642 2034 713 2088 de
747 2037 950 2108 spumis
987 2035 1250 2090 undarum
1295 2058 1391 2112 per

373 2133 548 2168 remos
579 2115 786 2186 agitatis
817 2127 872 2169 et
905 2117 1288 2172 albescentibus
1310 2120 1392 2172 in-

374 2193 732 2266 telligendum.
779 2194 881 2248 Nix
942 2197 1083 2250 enim
1141 2198 1229 2252 hic
1283 2217 1392 2253 non

376 2276 590 2349 proprie
615 2273 942 2348 intelligitur,
966 2275 1060 2332 sed
1095 2277 1164 2332 de
1193 2281 1396 2353 spumis

376 2354 672 2409 albentibus
700 2374 717 2418 ς
767 2355 995 2429 ideoque
1047 2379 1228 2411 canam
1287 2380 1396 2413 non

378 2438 542 2487 albam
561 2445 711 2487 vocat
726 2472 743 2497 ‚
769 2446 828 2497 nt
852 2440 1156 2507 caniflucms
1177 2452 1398 2511 propter

381 2532 592 2585 spumas
617 2532 754 2587 sepe
779 2514 921 2586 apud
944 2529 1138 2588 poetas.
1172 2518 1421 2581 «Fluctu,

383 2593 700 2665 spumabant
709 2591 898 2647 corula
911 2614 1046 2649 cano
1058 2622 1083 2641 a·
1098 2596 1239 2669 apud
1247 2598 1397 2673 Virg.

383 2676 502 2725 AEn.
517 2672 672 2740 vm,
691 2676 815 2744 672.
838 2700 864 2718 ‹-
881 2674 1156 2729 Exstantes
1182 2675 1248 2730 de
1275 2698 1398 2750 gur-

385 2752 490 2823 gite
512 2768 648 2804 cano
663 2778 690 2799 ο
715 2752 861 2825 apud
893 2754 1194 2823 Catullum,
1219 2758 1396 2813 Carm.

385 2848 535 2896 mur,
569 2832 666 2896 18;
703 2844 764 2883 ut
793 2834 898 2885 θῖνα
929 2834 1042 2893 ἁλὸς
1070 2842 1263 2902 πολιῆς,
1294 2842 1403 2892 litus

386 2912 537 2961 matis
573 2913 724 2971 cani,
761 2910 890 2964 dixit
915 2910 1133 2967 Homer.
1159 2914 1309 2969 Iliad.
1338 2919 1367 2970 1
1385 2958 1402 2985 ,

391 2988 529 3052 350;
567 2987 675 3043 vid.
711 2990 902 3045 Lamb.
937 2992 1039 3046 Bos
1063 3034 1078 3061 ,
1107 2994 1402 3050 Observatt.

390 3069 504 3122 crit.
529 3088 641 3140 cap.
671 3088 764 3139 29,
788 3090 846 3143 p.
875 3072 992 3127 128.
1021 3074 1122 3128 En.

461 3150 547 3212 54.
574 3154 864 3203 consociare
885 3157 1010 3203 solet
1029 3154 1085 3205 R.

463 3229 546 3298 57.
565 3234 830 3281 Permanet
843 3235 1071 3285 invalidis
1085 3235 1405 3307 conjunctim

393 3328 495 3381 pro
515 3312 564 3360 r’n
590 3311 960 3382 validis,quod
983 3312 1038 3365 in
1059 3312 1284 3387 vulgatis
1311 3330 1411 3384 est,

391 3386 676 3459 legendnm
695 3406 806 3442 esse
834 3393 1012 3445 statuit
1034 3393 1410 3463 Ommenenus,

393 3466 538 3538 quod
575 3469 761 3541 probo.
806 3468 958 3524 Idem
998 3473 1057 3525 in
1102 3492 1259 3528 versu
1294 3496 1406 3550 seq.

393 3550 465 3600 ita
515 3548 994 3620 interpungendum
1043 3572 1153 3607 esse
1199 3568 1404 3622 censet,

395 3626 474 3679 uti
506 3626 742 3680 fecimus.
777 3658 847 3671 --
872 3633 1107 3684 Invalida&
1142 3638 1408 3687 reverentia

387 3708 558 3775 prisea
596 3709 803 3759 colonis.
845 3708 1000 3763 Ovid.
1037 3710 1176 3765 Fast.
1195 3713 1264 3777 V,
1302 3714 1405 3786 57:

399 3812 422 3831 -
449 3786 646 3855 Magna
683 3784 784 3837 fuit
811 3788 1083 3859 quondam
1121 3792 1307 3865 capitis
1332 3815 1410 3849 re-

399 3863 632 3915 verentia
651 3865 788 3930 cani,
809 3867 980 3939 Inque
1007 3888 1108 3923 suo
1132 3872 1302 3943 pretio
1323 3894 1410 3927 ru-

399 3962 468 4013 ga
491 3943 672 3995 senilis
688 3956 798 3996 crat
813 3972 854 3997 n.

475 4024 558 4090 59.
586 4026 824 4075 cecidisse
853 4026 1106 4092 juvencum
1131 4012 1204 4081 Ὺ.
1247 4032 1308 4085 L.
1355 4032 1410 4083 P.

402 4102 466 4153 G.
507 4100 654 4172 quod
693 4102 880 4172 probat
923 4104 1112 4160 vlitius
1158 4108 1224 4162 ad
1266 4111 1411 4164 Grat.

1466 1421 1517 1454 v.
1543 1421 1577 1471 9
1598 1420 1613 1455 ε
1638 1401 1861 1473 vulgato
1884 1402 2105 1461 cessisse,
2140 1417 2237 1471 pro
2254 1417 2363 1472 quo
2381 1420 2488 1452 ees-

1463 1502 1605 1534 sasse
1625 1483 1727 1554 legi
1746 1481 1899 1555 jubet
1922 1480 2103 1533 Burro.
2120 1479 2279 1532 Anth.
2300 1479 2404 1533 vol.
2430 1481 2456 1532 1
2470 1521 2487 1546 ,

1463 1581 1519 1633 p.
1540 1561 1661 1632 733.
1683 1591 1753 1602 —-
1778 1567 2065 1630 Expertum,
2089 1577 2249 1612 sensu
2272 1559 2489 1630 passivo

1465 1637 1613 1711 quod
1651 1644 1765 1713 jam
1801 1638 1947 1710 apud
1986 1637 2249 1690 Avienum
2278 1639 2490 1690 notavi-

1466 1738 1615 1786 mus,
1650 1739 1750 1792 pro
1770 1721 1995 1783 emerito,
2032 1719 2069 1770 i.
2108 1738 2154 1772 e.
2190 1731 2339 1774 etate
2365 1739 2491 1772 con-

1468 1801 1607 1853 fecto
1625 1838 1643 1866 ‚
1670 1818 1995 1874 quamquam
2016 1810 2066 1850 et
2090 1799 2337 1852 emeritus
2360 1817 2490 1872 quo-

1469 1899 1575 1952 que
1610 1881 1705 1933 bos
1732 1877 1941 1934 dicatur
1966 1881 2061 1952 qui
2086 1880 2187 1932 sub
2218 1896 2493 1951 vesperam

1469 1977 1621 2013 erare
1648 1972 1839 2026 cessat,
1860 1970 1916 2015 ut
1942 1959 1998 2012 in
2026 1959 2109 2012 his
2128 1959 2271 2032 Eleg.
2290 1960 2346 2011 in
2365 1957 2493 2011 obit.

1467 2039 1618 2092 Maec.
1646 2041 1806 2094 «Lux
1842 2051 1948 2101 est,
1985 2049 2165 2091 taurus
2204 2050 2353 2102 ιιι-αῖς
2386 2054 2493 2090 nox

1472 2131 1569 2182 est,
1596 2118 1879 2192 requiescit
1898 2134 1912 2170 ε
1932 2131 2111 2170 arator
2123 2117 2337 2169 Liberat
2353 2134 2495 2168 eme—

1472 2199 1577 2252 rito
1620 2196 1822 2251 fervida
1863 2197 1999 2250 colla
2040 2194 2168 2248 bovi
2187 2220 2229 2246 ιο.
2276 2195 2375 2248 En.
2424 2225 2493 2234 —

1473 2281 1632 2351 Deflet
1646 2295 1865 2329 cessasse
1877 2277 2167 2344 juvencum,
2194 2273 2340 2327 senio
2364 2292 2496 2327 con-

1475 2354 1677 2412 fectum
1720 2358 1832 2429 jam
1886 2356 2140 2429 imparem
2187 2373 2301 2407 esse
2352 2354 2500 2427 operi

1475 2439 1701 2503 rustico,
1759 2448 1811 2491 et
1845 2454 1998 2488 arare
2042 2432 2274 2488 desiisse.
2303 2431 2497 2487 Claud.

1475 2516 1544 2571 de
1580 2518 1733 2590 Rapt.
1764 2514 2121 2586 Proserpinae,
2160 2514 2223 2577 1,
2251 2532 2328 2565 vs.
2366 2530 2496 2582 197:

1479 2622 1505 2643 α
1526 2608 1757 2651 cessante
1798 2598 2027 2667 juvenco
2075 2592 2251 2646 Ditior
2294 2592 2504 2646 oblatas

1478 2676 1759 2729 mirabitur
1791 2674 1961 2727 incola
2004 2690 2197 2724 messes
2213 2698 2258 2724 a.
2293 2670 2361 2725 Et
2396 2692 2503 2723 ces-

1479 2770 1593 2809 sata
1621 2774 1744 2805 arva
1772 2752 2022 2805 dicuntur
2048 2748 2275 2819 ovidio,
2300 2750 2519 2819 Fastv„

1480 2838 1604 2907 617,
1627 2850 1745 2905 quie
1772 2830 1873 2885 coli
1899 2829 2184 2882 desierunt.

1554 2916 1638 2967 60.
1676 2916 1789 2964 cum
1832 2930 1929 2980 quo
1968 2911 2213 2961 consuevit
2242 2910 2303 2960 R.
2338 2908 2403 2958 L.
2434 2906 2501 2961 G.

1486 2998 1651 3047 victor
1670 2996 1882 3044 honorat
1902 2990 1969 3041 V.
1992 2990 2049 3043 R.
2070 2988 2165 3041 Gr.
2187 2988 2248 3040 L.
2268 2986 2337 3039 G.
2356 2986 2503 3057 quod

1488 3073 1674 3126 melius
1703 3084 1813 3137 est,
1852 3088 2012 3144 quam
2052 3071 2219 3134 miles,
2253 3066 2399 3139 quod
2429 3078 2506 3119 est

1488 3154 1543 3207 in
1576 3151 1821 3225 vulgatis.
1858 3150 2007 3203 Idem
2035 3150 2227 3221 probat
2251 3148 2505 3201 Burman.

1490 3244 1527 3293 Ι.
1560 3254 1607 3287 c.
1654 3266 1722 3273 -—
1771 3234 1888 3283 Cum
1920 3250 2016 3299 quo
2045 3230 2318 3287 consenuit,
2350 3229 2511 3279 viceor

1488 3320 1698 3367 hortor-ae
1734 3330 1927 3379 equum.
1976 3306 2161 3360 Victor
2180 3344 2196 3369 ,
2244 3306 2339 3379 qui
2385 3324 2508 3359 cum

1489 3412 1630 3465 equo
1652 3412 1715 3445 eo
1738 3392 1791 3444 iu
1815 3388 1955 3441 ludis
1972 3386 2265 3460 Olympicis
2294 3384 2375 3440 vel
2400 3384 2508 3438 Cir-

1492 3472 1735 3527 censibus
1775 3468 1940 3531 vicit3
1980 3472 2218 3531 honorae,
2267 3477 2325 3517 ut
2374 3464 2509 3516 benc

1492 3552 1735 3607 meritum
1756 3589 1771 3614 ,
1822 3545 2163 3603 concedenda
2204 3544 2411 3618 quiete,
2458 3556 2511 3597 et

1492 3629 1786 3704 praebendis
1802 3626 2080 3681 alimentis.
2109 3626 2417 3679 Celebratus
2436 3634 2517 3676 est·

1495 3732 1676 3767 versus
1694 3710 1851 3763 Ennii
1870 3706 2011 3781 apud
2029 3706 2141 3762 Cic.
2158 3704 2224 3759 de
2242 3705 2363 3758 Sen.
2376 3724 2425 3757 c.
2446 3703 2474 3756 5
2499 3722 2512 3755 ε

1496 3794 1677 3846 «Sicut
1696 3788 1843 3845 sortis
1863 3808 2054 3861 equus,
2080 3784 2250 3859 spatio
2267 3784 2361 3856 qui
2376 3800 2525 3853 saepe..

1496 3890 1745 3945 supremo
1764 3868 1907 3921 Vicit
1943 3866 2217 3940 Olympia,
2252 3880 2396 3915 nuuc
2429 3880 2509 3913 se-

1500 3952 1591 4004 nio
1624 3950 1883 4005 consectu'
1903 3945 2122 4021 quiescit
2144 3972 2189 3996 η.
2236 3940 2477 3994 Horatius
2498 3978 2515 4000 ,

1502 4033 1661 4104 Epist.
1682 4031 1739 4093 l,
1774 4049 1821 4089 x,
1864 4028 1923 4095 8,
1968 4040 2295 4079 senescentem
2338 4038 2518 4087 equum

1502 4131 1609 4163 esse
1672 4114 1941 4161 solvendum
1998 4106 2083 4158 ait.
2146 4100 2301 4153 Conf.
2351 4096 2515 4154 ovid.
