2964 4690
1254 406 1671 474 ELEGIAE.
1704 351 1713 362 ›

2390 403 2526 473 213

595 525 816 616 Atque
851 535 927 592 ut
965 523 1296 610 vivamuS‚
1331 526 1551 596 vivere
1590 527 1975 597 desinimus.

498 635 586 702 Et
615 632 756 726 jam
792 657 936 718 me,⁸
972 632 1226 704 dudum
1263 636 1369 705 cui
1410 635 1594 706 nulla
1626 637 1897 707 adversa
1936 636 2299 722 nocebant,

601 745 792 835 Ipsa,
828 742 1073 836 quibus
1112 744 1426 839 regimur,
1465 771 1649 816 nunc
1682 745 1993 816 alimenta
2032 763 2332 840 gravant.

497 854 654 922 Esse
690 851 854 921 libet
893 867 1192 924 saturum
1223 881 1240 923 z
1280 864 1579 926 saturum
1618 881 1771 926 mox
1810 882 1949 926 esse
1989 856 2273 951 pigebit:

592 965 870 1032 Praestat
905 977 978 1033 ut
1009 963 1406 1051 abstineam,
1439 980 1542 1035 ast
1582 966 1977 1037 abstinuisse
2014 980 2229 1035 nocet.
2452 991 2527 1030 ιε.

497 1071 664 1161 Quae
706 1072 908 1144 modo
943 1073 1314 1168 profuerat,
1354 1077 1695 1146 contraria
1736 1075 2039 1146 redditur
2070 1101 2254 1145 esca:

591 1181 903 1252 Fastidita
941 1183 1154 1275 jacet,
1189 1209 1340 1278 quae
1373 1186 1575 1256 modo
1612 1185 1823 1258 dulcis
1858 1201 2019 1256 erat.

477 1415 594 1469 156.
645 1419 814 1470 Vivere
838 1421 1102 1471 destitimus
1129 1421 1192 1474 L.
1227 1420 1322 1474 Gr.
1346 1419 1411 1475 G.

399 1495 493 1550 sed
513 1495 720 1568 vulgata
742 1498 926 1554 melior
938 1502 1223 1553 desinimus.
1240 1533 1312 1542 —
1325 1504 1416 1574 lli-⁶

395 1595 512 1628 vere
537 1580 824 1644 desinimus,
848 1597 1040 1651 nempe
1063 1579 1170 1633 vita
1195 1581 1330 1634 bene
1355 1592 1411 1634 et

395 1655 628 1728 jucunde
687 1657 802 1725 uti;
849 1677 958 1729 quo
1008 1660 1163 1714 sens'u
1217 1660 1408 1714 iterum

397 1752 444 1786 v.
474 1736 588 1806 178.
615 1735 858 1790 Catullu‘s
885 1739 1122 1791 Carm.V
1149 1759 1164 1794 z
1195 1765 1221 1786 α
1239 1740 1406 1793 Viva-

396 1831 517 1893 mns
529 1853 544 1879 ,
567 1833 684 1869 mea
697 1817 886 1869 Lesbia
905 1857 921 1882 ‚
941 1828 1100 1890 atque
1112 1836 1348 1874 amemus
1365 1837 1409 1883 ις

397 1905 451 1946 et
479 1895 743 1948 Martialis
765 1896 945 1949 multis
967 1897 1114 1951 locis.

474 1973 592 2044 157.
626 1974 791 2028 Vario
825 1973 983 2048 hujus
1022 1995 1207 2030 verens
1252 1977 1408 2029 verba

393 2065 665 2124 ponuntur
708 2054 789 2106 vel
835 2066 1114 2110 mutantur
1152 2055 1208 2106 in
1244 2072 1412 2106 exem-

393 2130 646 2203 plaribus.
670 2132 827 2187 Voss.
868 2133 989 2186 cod.
1031 2131 1294 2205 duplicem
1327 2134 1402 2187 le·

393 2211 622 2263 ctionem
649 2211 858 2265 exhibet
883 2231 896 2265 :
941 2217 1005 2264 Ee
1045 2233 1122 2264 me
1145 2215 1257 2281 jam
1278 2216 1299 2282 (
1320 2215 1404 2265 vel

393 2311 535 2360 quem
554 2293 574 2359 “)
600 2295 783 2343 dudum
811 2294 892 2343 eui
912 2292 1022 2363 (vel
1045 2313 1142 2345 non
1163 2295 1204 2362 )”.
1232 2291 1402 2345 Vitio-

393 2372 500 2425 εἰσι
537 2372 596 2424 L.
624 2376 702 2425 Ea
741 2392 818 2424 me
860 2392 1000 2439 quem
1045 2376 1228 2424 dudum
1265 2392 1404 2441 quem

392 2456 549 2505 malla.
571 2451 888 2507 Germanica
922 2464 1072 2507 vetus
1097 2454 1262 2506 verba
1293 2464 1403 2505 tan-

393 2542 504 2583 tum
527 2530 676 2584 aliter
698 2532 941 2600 ordinat,
971 2551 1037 2586 ac
1066 2532 1278 2604 vulgata
1303 2550 1316 2585 ε
1340 2536 1408 2584 Et

393 2629 470 2661 me
493 2613 575 2663 eui
595 2615 778 2663 dudum
789 2613 898 2681 jam
917 2616 1058 2664 nulla
1085 2616 1296 2664 adversa
1321 2632 1406 2664 no·

391 2691 584 2742 cebant.
621 2688 829 2743 Gudius
865 2691 922 2743 in
947 2704 1057 2743 not.
1089 2691 1158 2744 ad
1191 2690 1400 2746 Phadr.

391 2768 494 2833 lv,
525 2770 613 2836 18,
635 2789 686 2841 p.
715 2771 814 2838 93,
849 2770 924 2823 sic
949 2770 1003 2822 in
1031 2769 1217 2823 codice
1251 2781 1404 2823 vetu-

391 2847 620 2900 stissimo
653 2848 960 2905 Divionenei
993 2848 1095 2920 legi
1117 2846 1362 2901 adfirmat
1387 2866 1400 2899 ε

391 2930 454 2977 Ee
475 2930 670 2996 mejam
693 2932 893 2989 dadam,
911 2948 1052 2995 quem
1073 2931 1212 2979 nulla
1231 2931 1405 2979 adver·

391 3026 452 3055 sa
487 3010 740 3059 movebant
756 3048 772 3073 ,
814 3013 926 3074 Ipsa
969 3009 1156 3075 quibas·
1177 3010 1400 3075 regimur,

392 3104 525 3136 nune
547 3090 787 3139 elementa
813 3100 1021 3148 nocem,-
1044 3096 1202 3157 atque
1220 3086 1294 3139 sic
1321 3106 1407 3137 ηο-

391 3182 504 3215 cere
539 3182 663 3217 cum
700 3164 998 3218 accusativo
1038 3166 1226 3218 Gnaeo
1261 3182 1406 3219 more

391 3242 616 3313 positum
645 3236 928 3297 existimat:
960 3242 1062 3297 Sed
1103 3254 1274 3296 tamen
1315 3244 1404 3296 alii

391 3322 613 3389 vetusti,
645 3334 706 3375 ut
746 3321 1000 3384 νὶἀίωιιε,
1042 3326 1124 3374 eui
1163 3326 1408 3375 nocebant

391 3400 663 3467 exhibent,
688 3413 738 3455 et
758 3402 814 3455 in
842 3403 1047 3455 minore
1070 3420 1224 3455 versu
1250 3402 1407 3473 pluri-

393 3480 468 3531 mi
485 3480 604 3532 libri
621 3481 908 3552 praferunt
928 3486 1164 3533 alimenta
1175 3496 1405 3551 gravant.

393 3558 552 3613 Unde
570 3580 674 3633 pro
699 3560 791 3615 iila
816 3562 1203 3615 constructione
1219 3562 1404 3614 Graeca

392 3644 475 3691 τοῦ
501 3660 680 3692 nocere
695 3640 832 3693 nihil
857 3642 984 3694 hinc
1005 3642 1198 3694 confici
1215 3655 1404 3713 potest.

470 3718 582 3773 ¹58.
615 3722 795 3789 Quibus
825 3724 1055 3789 regimur,
1079 3721 1114 3772 i.
1142 3739 1188 3772 e.
1214 3721 1405 3794 quibus

391 3808 660 3870 tamquam
674 3798 940 3871 primariis
965 3800 1034 3853 ad
1056 3799 1305 3853 tuendam
1332 3800 1400 3852 vi-

393 3890 498 3929 tam
550 3878 806 3950 presidiis
856 3879 1076 3931 utimur.
1129 3878 1214 3932 Sic
1265 3879 1406 3936 infin

392 3975 446 4008 ν.
470 3958 604 4021 248:
630 3982 656 4003 .-
680 3958 746 4010 Et
761 3959 880 4019 lux,
906 3976 1010 4029 qua
1027 3958 1276 4029 regimur,
1297 3958 1409 4011 red-

393 4036 540 4088 ditur
567 4036 676 4107 ipsa
705 4038 880 4109 gravis
907 4064 946 4088 v».
975 4039 1326 4089 Ommerenus
1356 4038 1409 4089 il-

395 4114 656 4173 lustrandi
705 4136 888 4171 caussa
937 4116 1184 4191 adposuit
1235 4117 1408 4171 locum

1502 1421 1743 1490 Seneca,
1760 1421 1957 1476 Troad.
1996 1441 2045 1474 v.
2072 1423 2173 1492 396
2189 1440 2205 1472 z
2238 1447 2259 1468 ι
2280 1419 2369 1476 Sic
2395 1420 2482 1474 hic
2500 1460 2517 1484 ,

1500 1520 1610 1572 quo
1648 1502 1899 1575 regimur,
1940 1500 2153 1572 spiritus
2186 1499 2369 1554 effluet
2382 1525 2423 1551 a.
2450 1500 2520 1552 Et

1498 1593 1683 1634 notum
1720 1592 1798 1634 est
1826 1580 2043 1653 Virgilii
2066 1585 2191 1635 AEn.
2234 1581 2336 1645 IV,
2366 1580 2469 1633 336
2499 1599 2513 1632 ε

1497 1687 1523 1705 κ
1537 1659 1667 1714 dum
1680 1660 1891 1731 spiritus
1904 1659 2004 1713 hos
2020 1672 2164 1732 reget
2180 1671 2325 1714 artus
2335 1684 2358 1706 n
2370 1697 2384 1710 .
2411 1657 2517 1712 Sed

1496 1749 1669 1792 tamen
1696 1740 1833 1794 ratio
1860 1739 2012 1792 verbi
2043 1759 2209 1808 regere
2244 1739 2301 1790 in
2326 1737 2517 1810 spiritu

1498 1832 1551 1871 et
1582 1818 1755 1872 anima
1784 1820 1951 1890 magis
1984 1817 2236 1890 adparet,
2274 1836 2433 1889 qnam
2460 1818 2513 1870 in

1500 1899 1786 1960 alimentis,
1816 1897 1885 1951 de
1920 1899 2112 1972 quibus
2142 1897 2513 1950 Maximianus.

1498 1977 1685 2048 Itaque
1710 1976 2025 2030 insolentius
2046 1975 2151 2030 hoc
2170 1975 2335 2028 verbo
2356 1993 2513 2027 usum

1498 2056 1741 2110 arbitror.
1767 2089 1833 2098 —
1858 2061 2005 2108 Nune
2032 2061 2267 2108 alimenta
2282 2069 2511 2121 gravant.

1496 2135 1582 2187 Sic
1609 2153 1795 2188 omnes
1824 2135 1935 2188 sere
1954 2135 2136 2206 scripti
2156 2147 2207 2186 et
2238 2133 2509 2205 impressi:

1494 2214 1603 2267 sola
1628 2226 1781 2267 vetus
1799 2213 1979 2266 Germ.
1995 2213 2157 2266 habet
2169 2217 2403 2264 alimenta
2425 2233 2513 2263 no-

1493 2308 1629 2357 cent,
1657 2291 1807 2366 quod
1844 2293 1960 2347 sine
1998 2291 2161 2347 dubio
2194 2291 2263 2344 ab
2294 2290 2512 2344 editoris

1494 2392 1671 2426 errore
1692 2373 1773 2426 vel
1792 2372 2045 2445 sapientia
2072 2373 2282 2445 est‚qui
2309 2372 2511 2443 elegan-

1494 2454 1597 2507 tius
1624 2454 1843 2527 putabat
1870 2468 1987 2525 post
2013 2457 2255 2507 nocebant
2268 2472 2504 2507 recurre-

1494 2548 1761 2587 reuocent.
1781 2532 1987 2585 Gudius
2002 2534 2041 2588 l.
2055 2552 2106 2587 c.
2134 2553 2162 2586 e
2184 2530 2306 2585 cod.
2336 2532 2509 2584 Divio-

1492 2612 1645 2665 nensi
1662 2613 1785 2665 citat
1795 2632 1929 2664 nune
1942 2616 2181 2667 elementa
2195 2626 2401 2663 nocent.-
2416 2611 2509 2664 sed

1492 2710 1677 2745 verum
1700 2709 1811 2744 esse
1827 2694 2087 2754 alimenta,
2112 2690 2389 2745 manifeste
2412 2689 2506 2743 do-

1492 2782 1613 2823 cent
1630 2770 1923 2841 sequentia.

1570 2850 1687 2917 159.
1709 2854 1832 2901 Esse
1860 2852 1951 2901 sibi
1972 2863 2188 2899 saturum
2217 2848 2281 2901 L.
2306 2851 2429 2898 Esse
2447 2851 2508 2899 12·-

1493 2945 1570 2982 eet
1596 2944 1813 2981 saturum
1852 2928 1917 2981 G.
1951 2927 2043 2981 sed
2062 2940 2268 2999 praestat
2297 2928 2507 2998 vulgata

1492 3008 1650 3061 lectio
1671 3014 1793 3060 Esse
1810 3011 1941 3061 libem

1571 3090 1684 3140 160.
1708 3091 2005 3149 Abstineas,
2030 3088 2318 3138 abstinuisse
2340 3088 2401 3137 L.
2432 3102 2511 3139 ast

1494 3169 1782 3219 abstinuisse
1805 3166 2075 3239 pleraque
2091 3164 2339 3237 vulgata:
2362 3164 2511 3217 omit·

1495 3258 1613 3300 tunt
1640 3261 1719 3299 ast
1743 3248 1813 3299 V.
1842 3246 1939 3300 Gr.
1968 3246 2035 3299 G.

1570 3330 1685 3379 162.
1705 3327 1943 3377 Fastidita
1960 3340 2105 3377 nocet
2121 3322 2189 3375 G.
2210 3322 2301 3376 sed
2316 3322 2511 3378 rectius

1493 3404 1711 3457 omnino
1746 3404 1973 3475 vulgatae
2006 3406 2243 3455 Fastidita
2256 3404 2412 3470 jacet.
2440 3433 2511 3441 -—-

1495 3487 1733 3537 Fastidita
1745 3486 1913 3551 jacet,
1936 3484 1971 3535 i.
1998 3502 2048 3537 e.
2080 3480 2363 3553 spernitur,
2383 3481 2511 3551 abJ'i-

1495 3564 1646 3617 citur.
1663 3563 1741 3615 Ea
1762 3561 1910 3615 notio
1926 3561 2074 3615 verbi
2093 3560 2343 3631 frequens
2358 3560 2515 3611 bonis

1494 3642 1853 3713 scriptoribus.
1876 3642 1988 3694 Cic.
2013 3641 2176 3693 Tusc.
2199 3640 2311 3721 ἶν’...
2342 3657 2350 3666 ·
2390 3664 2411 3685 ι
2430 3639 2515 3691 Ja-

1494 3734 1615 3775 cent
1643 3739 1703 3773 ea
1731 3738 1949 3792 semper,
1972 3738 2090 3791 quae
2110 3710 2232 3811 ap&
2284 3762 2329 3795 u.
2348 3736 2510 3789 osque

1494 3800 1861 3870 improbantur
1872 3824 1914 3851 n.
1930 3796 2117 3853 Claud.
2132 3767 2421 3849 Lauastss.
2440 3797 2513 3863 11,

1503 3878 1625 3931 130:
1652 3904 1675 3923 «ι
1690 3878 1849 3944 Quod
1882 3896 1979 3932 nec
2010 3878 2163 3948 inops
2190 3879 2361 3949 jaceat
2388 3894 2508 3945 pro-

1497 3958 1631 4011 bitas
1652 3998 1666 4023 ,
1694 3976 1790 4009 nec
1817 3957 1999 4011 inertia
2033 3968 2212 4026 surgat
2243 3954 2447 4007 Divitiis
2469 3980 2511 4003 ιι.

1500 4038 1633 4089 Hinc
1675 4039 1859 4104 abjecti
1903 4035 2144 4106 neglecti.
2179 4032 2303 4087 vid.
2332 4034 2515 4087 Avien.

1502 4120 1569 4169 1).
1599 4118 1663 4169 Ο.
1704 4116 1853 4169 1388.
