2964 4690
526 329 663 376 200

1245 365 1262 372 -
1295 305 1871 376 MAXIMIANI

618 429 832 499 Cessit
866 443 934 495 et
970 428 1109 520 ipse
1146 421 1334 520 pater
1365 429 1665 498 Bacchus
1685 482 1704 514 ‚
1740 429 2123 522 stupuitque
2166 425 2501 498 bibentem
2520 482 2539 514 ,

710 541 792 607 Et
828 537 1231 630 quicumque
1265 535 1429 606 soiet
1455 539 1748 623 vincere,
1780 538 1993 606 victus
2018 535 2179 606 abit.

614 646 810 715 Haud
845 645 1032 715 facile
1058 661 1156 715 est
1187 647 1484 716 animum
1512 649 1712 716 tantis
1738 647 2073 717 inflectere
2104 646 2337 731 rebus,
2584 667 2635 712 ⁴⁵

712 757 808 825 Ut
835 781 938 824 res
969 756 1307 850 oppositas
1343 780 1529 826 mens
1556 756 1725 826 ferat
1762 781 1897 826 una
1938 755 2121 826 duas.

611 869 758 935 Hoc
788 889 1056 960 quoque
1087 865 1409 934 virtutum
1439 866 1777 960 quondam
1804 865 2165 936 certamine
2194 887 2511 958 magnum

757 977 1096 1044 Socratem
1127 973 1414 1067 palmam
1457 976 1899 1071 promeruisse
1926 974 2171 1044 ferunt.

612 1086 787 1156 Hinc
828 1085 1028 1155 etiam
1057 1083 1346 1178 rigidum
1377 1101 1751 1158 memorant
1778 1084 2057 1156 valuisse
2080 1088 2439 1156 Catonem:

515 1263 743 1314 Monost.
770 1280 822 1314 v.
847 1261 947 1314 65:
974 1259 1158 1312 -Levis
1173 1277 1282 1311 non
1298 1259 1536 1312 :nimum

519 1337 809 1410 torquentis
819 1356 941 1392 cura
957 1337 1296 1410 fatiget-Sed
1324 1337 1410 1392 hic
1427 1357 1538 1391 ver·

516 1435 604 1471 sus
642 1417 897 1470 obscurus
933 1416 1130 1486 pariter
1167 1429 1220 1470 et
1258 1430 1536 1490 corruptus

521 1494 728 1548 <ridetur
745 1535 760 1556 ,
808 1506 867 1547 ut
903 1495 1038 1548 nihil
1088 1514 1152 1549 ex
1203 1515 1267 1549 eo
1320 1497 1534 1552 decemi

515 1586 693 1644 queat.

591 1659 673 1714 44.
704 1656 770 1702 Ee
793 1655 1082 1718 quicumque
1099 1657 1255 1705 solet:
1274 1655 1347 1707 sic
1374 1655 1531 1727 pleri·

505 1747 610 1802 que
633 1729 871 1801 impressi
894 1740 946 1781 et
971 1729 1119 1782 MSS.
1159 1739 1224 1782 Ee
1247 1737 1336 1800 qui
1352 1749 1531 1786 cuncta

508 1809 579 1861 G.
606 1806 684 1859 Pi.
712 1817 764 1860 et
790 1807 913 1860 eod.
945 1806 1118 1860 Pulm.

577 1885 662 1948 45.
715 1887 878 1936 Tantis
916 1887 1161 1951 inflectere
1177 1893 1315 1941 rebus
1334 1890 1533 1942 habent

519 1965 739 2036 vulgata
755 1964 1045 2036 pleraque,
1073 1969 1259 2017 eunctis
1284 1971 1532 2038 inflectere

514 2047 652 2096 rebus
692 2053 845 2096 vetus
879 2042 1226 2110 Germanica,
1271 2063 1430 2116 quam
1457 2047 1529 2100 le-

513 2124 740 2174 ctionem
751 2123 946 2174 bonem
961 2121 1203 2176 existimo
1216 2160 1232 2186 ,
1246 2141 1364 2195 quae
1379 2124 1529 2178 facile

521 2200 858 2254 librariorum
893 2200 1096 2253 incuria
1128 2201 1274 2254 abire
1297 2201 1352 2254 in
1378 2207 1528 2256 tantis

521 2279 712 2351 potuit.
751 2279 885 2332 Nem
917 2293 1101 2333 auctor
1133 2279 1277 2343 vult,
1315 2281 1529 2338 difficile

517 2357 803 2412 admodum
821 2376 959 2425 esse,
978 2359 1216 2413 animum
1234 2357 1304 2413 ita
1317 2360 1531 2415 adcom-

519 2436 731 2491 modare
757 2438 915 2490 rebus
934 2438 1178 2492 omnibus
1191 2479 1207 2504 ‚
1245 2449 1297 2492 et
1322 2439 1529 2495 flectere

517 2519 572 2569 in
589 2534 770 2570 omnes
796 2527 970 2586 partes
987 2534 1141 2589 posse
1153 2555 1168 2580 ,
1184 2528 1243 2570 ut
1262 2520 1525 2572 contraria

513 2595 668 2657 adeo,
692 2606 744 2647 et
761 2614 875 2667 quae
894 2595 994 2648 sibi
1013 2596 1236 2649 adversa
1254 2610 1399 2663 sunt,
1412 2598 1525 2668 pari

515 2674 761 2728 facilitate
807 2674 954 2726 ferat.
992 2674 1094 2729 Sed
1134 2674 1352 2730 sonasse
1377 2680 1525 2729 cantis

513 2750 874 2825 accipiendum
902 2765 979 2806 est
1003 2772 1102 2827 pro
1128 2769 1224 2819 ωε,
1250 2754 1526 2826 quomodo

511 2824 695 2903 soessus
707 2832 940 2884 occurrit
963 2831 1105 2902 apud
1123 2833 1408 2905 scriptores
1426 2834 1523 2887 ovi

507 2910 683 2963 medii.
711 2909 878 2981 Igitur
901 2909 1034 2962 nihil
1061 2924 1265 2965 mutare
1289 2912 1523 2965 volui.—

510 2993 739 3039 Am‘mum
767 2991 916 3040 tantis
942 2991 1184 3056 inflectere
1204 2994 1360 3055 rebus,
1389 2990 1444 3043 h.
1473 3010 1520 3044 e.

510 3066 779 3119 advertere
794 3105 809 3130 ‚
830 3065 1093 3136 adplicat-e
1107 3107 1123 3130 ,
1151 3068 1522 3122 accommoda·

511 3162 593 3205 re,
621 3154 676 3195 ut
705 3144 934 3215 Proper-t.
969 3146 1068 3213 IV,
1098 3148 1154 3209 8,
1189 3166 1288 3217 77:
1328 3172 1349 3193 ι
1369 3148 1521 3201 Colla

509 3240 638 3275 cave
665 3221 898 3277 inflectas
923 3222 992 3275 ad
1014 3242 1280 3278 summum
1308 3227 1519 3300 obliqua

509 3299 778 3352 theatrum
797 3328 838 3353 n.
870 3302 1011 3355 Alias
1042 3306 1284 3371 inflectere
1302 3317 1378 3357 est
1402 3325 1520 3377 per-

509 3396 748 3441 movere,
793 3380 1148 3435 adsuefacere.
1187 3382 1380 3436 Claud.
1438 3386 1518 3438 lv

511 3458 666 3508 Cous.
689 3456 822 3508 Hon.
841 3460 941 3510 300
962 3479 975 3512 :
1011 3486 1030 3506 ι
1045 3479 1142 3513 nec
1159 3461 1234 3514 sic
1251 3460 1520 3517 inflectere

511 3552 690 3587 sensus
719 3534 985 3589 Humanos
1023 3538 1191 3592 edicta
1229 3541 1400 3594 valent
1416 3582 1433 3609 ,
1463 3554 1523 3594 ut

513 3612 614 3662 vita
637 3612 863 3683 regentis
881 3638 924 3666 ιι.

581 3698 664 3759 47.
693 3694 968 3745 certamine
993 3714 1226 3765 magnum
1262 3697 1484 3769 vulgate
1499 3718 1517 3765 ς

516 3774 780 3821 certamine
799 3790 980 3837 magno
1003 3773 1074 3825 V.
1113 3779 1374 3829 certamine
1407 3782 1520 3831 Ion-

511 3868 630 3914 3um
658 3848 726 3901 G.
755 3849 902 3921 quod
930 3850 1176 3905 vitiosum
1207 3853 1432 3909 videtur.
1449 3890 1519 3899 —

511 3932 616 3979 Hoc
638 3946 830 3995 quoque
841 3931 1066 3983 vit-mama
1080 3936 1360 3995 cer-tamine,
1377 3954 1497 3988 nem
1506 3966 1524 3980 ·

509 4022 578 4074 pe
605 4024 689 4075 eo,
706 4024 815 4079 quo
834 4008 1049 4063 vit-tutes
1067 4011 1172 4064 sive
1185 4012 1318 4067 vires
1340 4012 1522 4075 biben-

1622 1259 1677 1314 di
1688 1261 1993 1332 probantur.
2009 1258 2369 1314 Certamenim
2378 1256 2632 1320 bibendo,

1621 1351 1673 1393 et
1707 1339 1919 1392 vincere
1956 1339 2210 1410 ⁴vincique
2258 1335 2472 1391 solenne
2518 1345 2630 1388 erat

1621 1420 1676 1472 in
1700 1419 1994 1493 symposiis.
2023 1417 2147 1471 vid.
2163 1416 2345 1469 Horat.
2370 1416 2547 1469 carm.
2570 1415 2597 1465 1
2614 1457 2631 1483 ,

1622 1498 1708 1565 36,
1747 1506 1828 1563 14.
1866 1499 2101 1551 Virtutes
2141 1496 2411 1568 intelligit,
2446 1494 2629 1565 quales

1618 1576 1875 1631 hactenus
1910 1577 2149 1650 exposuit
2164 1614 2179 1636 ,
2213 1575 2445 1648 corporis
2471 1585 2631 1644 atque

1618 1657 1973 1709 membrorum
1988 1695 2004 1716 ,
2041 1673 2215 1726 neque
2233 1653 2389 1725 igitur
2413 1650 2625 1704 audim-

1615 1734 1716 1788 dus
1739 1735 2033 1789 Withofius
2050 1735 2177 1786 Enc.
2200 1733 2321 1785 erit.
2350 1749 2470 1803 pag.
2493 1730 2590 1782 301
2610 1767 2628 1793 ‚

1615 1813 1708 1885 qui
1725 1852 1743 1878 ‚
1766 1825 1822 1864 ut
1848 1812 2031 1864 vitium
2050 1852 2066 1876 ‚
2082 1808 2228 1882 quod
2249 1821 2326 1862 est
2347 1809 2400 1860 in
2414 1807 2630 1862 nomine

1616 1895 1882 1956 Socratem,
1898 1889 2131 1942 eliminet
2148 1929 2163 1954 ,
2180 1895 2433 1940 Ductorem
2452 1907 2549 1960 pro
2567 1907 2627 1940 en

1614 1987 1744 2022 voce
1764 1967 1934 2042 ponit,
1970 1979 2023 2021 et
2050 1968 2317 2022 Socratem
2345 1965 2433 2019 hie
2466 1971 2631 2019 doceo-

1615 2066 1715 2098 rem
1742 2049 1987 2107 vir-mcum,
2012 2064 2130 2118 quo
2157 2057 2281 2100 sunt
2304 2045 2465 2098 animi
2486 2082 2501 2109 ,
2533 2063 2629 2116 per

1616 2125 1949 2178 eminentiam
1985 2124 2165 2178 vocari
2220 2135 2367 2194 putat
2405 2141 2420 2176 ε
2464 2149 2491 2172 ι
2511 2123 2629 2177 Hoc

1615 2221 1827 2276 quoque
1864 2203 2121 2258 virtutum
2152 2200 2420 2274 quondam
2456 2213 2627 2256 ceru-

1616 2283 1759 2335 mine
1808 2285 2052 2355 magnum
2091 2283 2370 2334 Doctorem
2396 2285 2625 2355 pahnam

1616 2362 1963 2432 promeruisse
1985 2360 2158 2413 ferunt
2175 2386 2213 2411 ι.
2250 2360 2353 2413 Sed
2386 2359 2461 2413 sic
2501 2362 2627 2414 scri-

1612 2452 1769 2513 ptura
1796 2440 2035 2492 omnium
2078 2439 2334 2491 librorum
2350 2479 2366 2505 ,
2408 2440 2627 2512 ipseque

1613 2536 1793 2572 sensus
1822 2536 1975 2571 verus
2026 2518 2254 2571 auctoris
2293 2518 2627 2590 pervertitur.

1612 2595 1769 2662 Quod
1787 2602 2031 2649 Socratem
2046 2594 2277 2650 secunda
2286 2596 2445 2667 longa
2458 2615 2629 2649 enun-

1612 2674 1788 2739 tiavit,
1811 2675 1936 2729 fecit
1956 2676 2010 2728 id
2038 2686 2289 2747 corrupto
2325 2676 2491 2729 atatis
2515 2694 2629 2731 suo

1610 2772 1793 2819 more,
1833 2753 2094 2825 siquidem
2136 2752 2276 2806 idem
2304 2752 2511 2807 admisit
2536 2754 2623 2807 Si-

1611 2831 1797 2885 donius
1812 2831 1983 2904 Apoll.
1996 2831 2432 2905 Epithalfflolem.
2450 2853 2501 2885 v.
2524 2836 2625 2902 96:

1610 2936 1636 2957 ·
1653 2912 1917 2966 socratica
1941 2926 2057 2981 post
2075 2913 2217 2964 hunc
2232 2912 2380 2965 Secta
2402 2912 2563 2965 micat
2576 2938 2625 2965 υ.

1608 2990 1675 3041 Et
1708 2989 1979 3044 pauninus
2024 3002 2209 3045 auctor
2246 2990 2628 3054 Euchafiffld,

1609 3089 1657 3123 v.
1686 3070 1784 3140 73:
1821 3072 2115 3143 nDogmata
2144 3070 2397 3136 Socratis,
2430 3081 2481 3123 et
2512 3070 2629 3121 bel-

1604 3150 1705 3202 lica
1740 3150 1991 3221 plasmata
2028 3149 2242 3202 Homeri
2269 3175 2307 3202 ι.
2354 3150 2628 3202 Ceterum

1606 3226 1748 3299 quod
1780 3228 2021 3282 Socrates
2064 3228 2338 3281 consuevit
2374 3228 2631 3281 interesse

1606 3307 1971 3377 frequentibus
1994 3306 2271 3380 symposiis
2292 3346 2308 3371 ,
2336 3306 2507 3377 iisque
2518 3323 2630 3377 pm

1608 3385 1724 3437 loco
1744 3397 1797 3439 et
1817 3386 2092 3439 occasione
2124 3384 2411 3439 disserendi
2436 3382 2505 3436 de
2532 3402 2624 3437 re-

1606 3465 1706 3516 bus
1734 3464 1951 3536 egregiis
1978 3464 2054 3517 uti
2074 3502 2089 3527 ‚
2124 3463 2247 3516 hinc
2274 3462 2631 3515 Maximianus

1604 3545 1784 3615 jocose
1810 3542 1957 3595 finxit
1976 3581 1992 3606 ‚
2030 3561 2150 3596 eum
2186 3559 2432 3613 magnum
2472 3560 2623 3594 oom-

1608 3632 1899 3693 potatorem
1923 3620 2099 3675 fuisse.

1680 3700 1766 3764 48.
1794 3704 1861 3749 Ee
1884 3704 2128 3751 Socratem
2156 3701 2213 3751 R.
2238 3704 2493 3750 Ductorem
2518 3718 2631 3769 pro

1606 3782 1875 3842 Socratem,
1892 3778 2041 3851 quasi
2058 3778 2311 3831 virtutum
2332 3778 2631 3841 doctorem,

1609 3856 1699 3909 hic
1716 3856 1905 3928 ingerit
1925 3856 2253 3921 Withoflus,
2290 3876 2345 3928 p.
2372 3856 2489 3922 301,
2525 3858 2633 3912 sed

1610 3948 1792 3990 contra
1810 3948 2039 3989 mentem
2060 3938 2308 3989 auctoris.

1682 4020 1768 4085 49.
1794 4020 1951 4081 Hinc,
1987 4034 2175 4086 nempe
2196 4013 2279 4067 his
2306 4014 2593 4069 virtutibus
2613 4037 2633 4071 ε
