<?xml version="1.0" encoding="UTF-8"?>
<!DOCTYPE html PUBLIC "-//W3C//DTD XHTML 1.0 Transitional//EN"
    "http://www.w3.org/TR/xhtml1/DTD/xhtml1-transitional.dtd">
<html xmlns="http://www.w3.org/1999/xhtml" xml:lang="en" lang="en">
 <head>
  <title>
</title>
<meta http-equiv="Content-Type" content="text/html;charset=utf-8" />
  <meta name='ocr-system' content='tesseract 3.04.00' />
  <meta name='ocr-capabilities' content='ocr_page ocr_carea ocr_par ocr_line ocrx_word'/>
</head>
<body>
  <div class='ocr_page' id='page_1' title='image "./poetaelatinimin02unkngoog_0533.png"; bbox 0 0 2964 4690; ppageno 0'>
   <div class='ocr_carea' id='block_1_1' title="bbox 500 341 636 427">
    <p class='ocr_par' dir='ltr' id='par_1_1' title="bbox 500 341 636 427">
     <span class='ocr_line' id='line_1_1' title="bbox 500 341 636 427; baseline -0.029 -11"><span class='ocrx_word' id='word_1_1' title='bbox 500 341 636 427; x_wconf 54' lang='lat' dir='ltr'>&amp;m</span> 
     </span>
    </p>
   </div>
   <div class='ocr_carea' id='block_1_2' title="bbox 1330 341 1778 410">
    <p class='ocr_par' dir='ltr' id='par_1_2' title="bbox 1330 341 1778 410">
     <span class='ocr_line' id='line_1_2' title="bbox 1330 341 1778 410; baseline -0.004 0"><span class='ocrx_word' id='word_1_2' title='bbox 1330 341 1778 410; x_wconf 76' lang='lat' dir='ltr'>AUSONII</span> 
     </span>
    </p>
   </div>
   <div class='ocr_carea' id='block_1_3' title="bbox 494 467 2632 1552">
    <p class='ocr_par' dir='ltr' id='par_1_3' title="bbox 494 467 2632 1552">
     <span class='ocr_line' id='line_1_3' title="bbox 498 467 2618 571; baseline -0.003 -26"><span class='ocrx_word' id='word_1_3' title='bbox 498 475 733 571; x_wconf 82' lang='lat' dir='ltr'>quar?</span> <span class='ocrx_word' id='word_1_4' title='bbox 776 471 955 570; x_wconf 91' lang='lat' dir='ltr'>quid</span> <span class='ocrx_word' id='word_1_5' title='bbox 992 477 1321 546; x_wconf 82' lang='lat' dir='ltr'>Evenum</span> <span class='ocrx_word' id='word_1_6' title='bbox 1350 470 1489 566; x_wconf 85' lang='grc' dir='ltr'>(ι),</span> <span class='ocrx_word' id='word_1_7' title='bbox 1521 495 1746 568; x_wconf 88' lang='lat' dir='ltr'>quem</span> <span class='ocrx_word' id='word_1_8' title='bbox 1783 467 2180 541; x_wconf 86' lang='lat' dir='ltr'>Menander</span> <span class='ocrx_word' id='word_1_9' title='bbox 2217 471 2618 566; x_wconf 84' lang='lat' dir='ltr'>sapientem</span> 
     </span>
     <span class='ocr_line' id='line_1_4' title="bbox 497 587 2622 688; baseline -0 -27"><span class='ocrx_word' id='word_1_10' title='bbox 497 592 821 664; x_wconf 80' lang='lat' dir='ltr'>vocavit?</span> <span class='ocrx_word' id='word_1_11' title='bbox 856 588 1031 687; x_wconf 92' lang='lat' dir='ltr'>quid</span> <span class='ocrx_word' id='word_1_12' title='bbox 1075 591 1311 687; x_wconf 90' lang='lat' dir='ltr'>ipsum</span> <span class='ocrx_word' id='word_1_13' title='bbox 1346 589 1869 686; x_wconf 77' lang='lat' dir='ltr'><strong>Menandrum?</strong></span> <span class='ocrx_word' id='word_1_14' title='bbox 1901 587 2083 688; x_wconf 91' lang='lat' dir='ltr'>quid</span> <span class='ocrx_word' id='word_1_15' title='bbox 2119 593 2622 660; x_wconf 79' lang='lat' dir='ltr'>comicosom-</span> 
     </span>
     <span class='ocr_line' id='line_1_5' title="bbox 499 711 2626 810; baseline -0 -26"><span class='ocrx_word' id='word_1_16' title='bbox 499 738 629 786; x_wconf 89' lang='lat' dir='ltr'>nes</span> <span class='ocrx_word' id='word_1_17' title='bbox 648 767 667 802; x_wconf 89' lang='lat'><strong>,</strong></span> <span class='ocrx_word' id='word_1_18' title='bbox 733 712 1003 810; x_wconf 90' lang='lat' dir='ltr'>quibus</span> <span class='ocrx_word' id='word_1_19' title='bbox 1060 732 1300 784; x_wconf 80' lang='lat' dir='ltr'>severa</span> <span class='ocrx_word' id='word_1_20' title='bbox 1349 713 1496 783; x_wconf 84' lang='lat' dir='ltr'>vita</span> <span class='ocrx_word' id='word_1_21' title='bbox 1547 728 1656 800; x_wconf 84' lang='lat' dir='ltr'>est</span> <span class='ocrx_word' id='word_1_22' title='bbox 1705 727 1778 783; x_wconf 93' lang='lat' dir='ltr'>et</span> <span class='ocrx_word' id='word_1_23' title='bbox 1825 711 1984 784; x_wconf 84' lang='lat' dir='ltr'>laeta</span> <span class='ocrx_word' id='word_1_24' title='bbox 2037 711 2390 784; x_wconf 82' lang='lat' dir='ltr'>materia?</span> <span class='ocrx_word' id='word_1_25' title='bbox 2427 713 2626 804; x_wconf 87' lang='lat' dir='ltr'><strong>Quid</strong></span> 
     </span>
     <span class='ocr_line' id='line_1_6' title="bbox 500 832 2626 931; baseline -0.003 -21"><span class='ocrx_word' id='word_1_26' title='bbox 500 839 711 910; x_wconf 87' lang='lat' dir='ltr'>etiam</span> <span class='ocrx_word' id='word_1_27' title='bbox 772 834 1231 906; x_wconf 89' lang='lat' dir='ltr'>Partheniam</span> <span class='ocrx_word' id='word_1_28' title='bbox 1293 833 1575 906; x_wconf 87' lang='lat' dir='ltr'>dictum</span> <span class='ocrx_word' id='word_1_29' title='bbox 1645 857 1894 906; x_wconf 85' lang='lat' dir='ltr'>caussa</span> <span class='ocrx_word' id='word_1_30' title='bbox 1956 832 2249 931; x_wconf 89' lang='lat' dir='ltr'>pudoris</span> <span class='ocrx_word' id='word_1_31' title='bbox 2285 833 2446 930; x_wconf 78' lang='lat'>(2)?</span> <span class='ocrx_word' id='word_1_32' title='bbox 2497 835 2626 931; x_wconf 87' lang='lat' dir='ltr'>qui</span> 
     </span>
     <span class='ocr_line' id='line_1_7' title="bbox 501 956 2624 1055; baseline -0.002 -22"><span class='ocrx_word' id='word_1_33' title='bbox 501 975 756 1033; x_wconf 87' lang='lat' dir='ltr'>octavo</span> <span class='ocrx_word' id='word_1_34' title='bbox 806 957 1144 1030; x_wconf 88' lang='lat' dir='ltr'>AEneidos</span> <span class='ocrx_word' id='word_1_35' title='bbox 1190 957 1329 1054; x_wconf 82' lang='lat'>(3),</span> <span class='ocrx_word' id='word_1_36' title='bbox 1381 983 1613 1055; x_wconf 90' lang='lat' dir='ltr'>quum</span> <span class='ocrx_word' id='word_1_37' title='bbox 1680 956 2120 1036; x_wconf 81' lang='lat' dir='ltr'>describeret</span> <span class='ocrx_word' id='word_1_38' title='bbox 2175 959 2446 1028; x_wconf 91' lang='lat' dir='ltr'>coitum</span> <span class='ocrx_word' id='word_1_39' title='bbox 2483 961 2624 1028; x_wconf 89' lang='lat' dir='ltr'>Ve-</span> 
     </span>
     <span class='ocr_line' id='line_1_8' title="bbox 498 1082 2621 1185; baseline -0.002 -27"><span class='ocrx_word' id='word_1_40' title='bbox 498 1091 693 1160; x_wconf 88' lang='lat' dir='ltr'>neris</span> <span class='ocrx_word' id='word_1_41' title='bbox 758 1103 976 1185; x_wconf 86' lang='lat' dir='ltr'>atque</span> <span class='ocrx_word' id='word_1_42' title='bbox 1025 1086 1362 1174; x_wconf 86' lang='lat' dir='ltr'>Vulcani,</span> <span class='ocrx_word' id='word_1_43' title='bbox 1404 1106 1794 1176; x_wconf 67' lang='grc' dir='ltr'>Αῖσχρωιμνῑαν</span> <span class='ocrx_word' id='word_1_44' title='bbox 1815 1085 1920 1179; x_wconf 77' lang='grc'>(4)</span> <span class='ocrx_word' id='word_1_45' title='bbox 1986 1082 2330 1155; x_wconf 89' lang='lat' dir='ltr'>decenter</span> <span class='ocrx_word' id='word_1_46' title='bbox 2385 1086 2621 1154; x_wconf 87' lang='lat' dir='ltr'>immi-</span> 
     </span>
     <span class='ocr_line' id='line_1_9' title="bbox 500 1206 2627 1306; baseline -0.001 -26"><span class='ocrx_word' id='word_1_47' title='bbox 500 1212 705 1280; x_wconf 87' lang='lat' dir='ltr'><strong>scuit.</strong></span> <span class='ocrx_word' id='word_1_48' title='bbox 762 1209 958 1299; x_wconf 84' lang='lat' dir='ltr'><strong>Quid</strong></span> <span class='ocrx_word' id='word_1_49' title='bbox 1020 1211 1095 1279; x_wconf 92' lang='lat' dir='ltr'>in</span> <span class='ocrx_word' id='word_1_50' title='bbox 1153 1209 1367 1280; x_wconf 90' lang='lat' dir='ltr'>tertio</span> <span class='ocrx_word' id='word_1_51' title='bbox 1414 1211 1942 1306; x_wconf 83' lang='lat' dir='ltr'>Georgicorum</span> <span class='ocrx_word' id='word_1_52' title='bbox 1993 1207 2086 1278; x_wconf 92' lang='lat' dir='ltr'>de</span> <span class='ocrx_word' id='word_1_53' title='bbox 2133 1206 2504 1279; x_wconf 86' lang='lat' dir='ltr'>submissis</span> <span class='ocrx_word' id='word_1_54' title='bbox 2553 1209 2627 1278; x_wconf 91' lang='lat' dir='ltr'>in</span> 
     </span>
     <span class='ocr_line' id='line_1_10' title="bbox 502 1317 2632 1430; baseline 0 -28"><span class='ocrx_word' id='word_1_55' title='bbox 502 1355 789 1430; x_wconf 83' lang='lat' dir='ltr'>gregem</span> <span class='ocrx_word' id='word_1_56' title='bbox 852 1331 1177 1402; x_wconf 81' lang='lat' dir='ltr'>maritis?</span> <span class='ocrx_word' id='word_1_57' title='bbox 1240 1355 1488 1402; x_wconf 86' lang='lat' dir='ltr'>nonne</span> <span class='ocrx_word' id='word_1_58' title='bbox 1551 1330 1967 1403; x_wconf 87' lang='lat' dir='ltr'>obscoenam</span> <span class='ocrx_word' id='word_1_59' title='bbox 2030 1317 2632 1429; x_wconf 84' lang='lat' dir='ltr'>significationem</span> 
     </span>
     <span class='ocr_line' id='line_1_11' title="bbox 494 1453 2631 1552; baseline -0 -26"><span class='ocrx_word' id='word_1_60' title='bbox 494 1453 803 1527; x_wconf 88' lang='lat' dir='ltr'>honesta</span> <span class='ocrx_word' id='word_1_61' title='bbox 852 1455 1249 1527; x_wconf 87' lang='lat' dir='ltr'>verborum</span> <span class='ocrx_word' id='word_1_62' title='bbox 1309 1457 1778 1529; x_wconf 85' lang='lat' dir='ltr'>translatione</span> <span class='ocrx_word' id='word_1_63' title='bbox 1835 1454 2136 1527; x_wconf 78' lang='lat' dir='ltr'>velavit?</span> <span class='ocrx_word' id='word_1_64' title='bbox 2184 1459 2276 1525; x_wconf 88' lang='lat' dir='ltr'>Et</span> <span class='ocrx_word' id='word_1_65' title='bbox 2331 1457 2391 1526; x_wconf 89' lang='lat' dir='ltr'>si</span> <span class='ocrx_word' id='word_1_66' title='bbox 2451 1453 2631 1552; x_wconf 87' lang='lat' dir='ltr'>quid</span> 
     </span>
    </p>
   </div>
   <div class='ocr_carea' id='block_1_4' title="bbox 498 1679 1546 4130">
    <p class='ocr_par' dir='ltr' id='par_1_4' title="bbox 498 1679 1532 3017">
     <span class='ocr_line' id='line_1_12' title="bbox 498 1679 1522 1746; baseline 0.002 -14"><span class='ocrx_word' id='word_1_67' title='bbox 498 1681 677 1733; x_wconf 88' lang='lat' dir='ltr'>locum</span> <span class='ocrx_word' id='word_1_68' title='bbox 706 1679 1007 1733; x_wconf 77' lang='lat' dir='ltr'>emendavit</span> <span class='ocrx_word' id='word_1_69' title='bbox 1030 1679 1168 1734; x_wconf 84' lang='lat' dir='ltr'>Had.</span> <span class='ocrx_word' id='word_1_70' title='bbox 1191 1680 1223 1732; x_wconf 84' lang='lat' dir='ltr'><strong>J</strong></span> <span class='ocrx_word' id='word_1_71' title='bbox 1228 1681 1381 1734; x_wconf 80' lang='lat' dir='ltr'>unius</span> <span class='ocrx_word' id='word_1_72' title='bbox 1399 1721 1415 1746; x_wconf 84' lang='lat'>,</span> <span class='ocrx_word' id='word_1_73' title='bbox 1440 1699 1522 1734; x_wconf 88' lang='lat' dir='ltr'>re·</span> 
     </span>
     <span class='ocr_line' id='line_1_13' title="bbox 502 1759 1522 1832; baseline 0.002 -22"><span class='ocrx_word' id='word_1_74' title='bbox 502 1759 782 1830; x_wconf 80' lang='lat' dir='ltr'>posuitque</span> <span class='ocrx_word' id='word_1_75' title='bbox 818 1763 994 1827; x_wconf 72' lang='lat' dir='ltr'>Laevii,</span> <span class='ocrx_word' id='word_1_76' title='bbox 1030 1779 1131 1832; x_wconf 87' lang='lat' dir='ltr'>pro</span> <span class='ocrx_word' id='word_1_77' title='bbox 1176 1763 1326 1824; x_wconf 69' lang='lat' dir='ltr'>Livii,</span> <span class='ocrx_word' id='word_1_78' title='bbox 1375 1759 1522 1831; x_wconf 88' lang='lat' dir='ltr'>quod</span> 
     </span>
     <span class='ocr_line' id='line_1_14' title="bbox 500 1837 1523 1906; baseline 0.001 -16"><span class='ocrx_word' id='word_1_79' title='bbox 500 1848 653 1890; x_wconf 78' lang='lat' dir='ltr'>antea</span> <span class='ocrx_word' id='word_1_80' title='bbox 682 1837 970 1906; x_wconf 80' lang='lat' dir='ltr'>legebatur.</span> <span class='ocrx_word' id='word_1_81' title='bbox 998 1839 1139 1892; x_wconf 81' lang='lat' dir='ltr'>Citat</span> <span class='ocrx_word' id='word_1_82' title='bbox 1162 1859 1204 1893; x_wconf 83' lang='lat' dir='ltr'>,e</span> <span class='ocrx_word' id='word_1_83' title='bbox 1235 1841 1383 1892; x_wconf 62' lang='lat' dir='ltr'>1„aein</span> <span class='ocrx_word' id='word_1_84' title='bbox 1402 1845 1523 1891; x_wconf 81' lang='lat' dir='ltr'>Ero·</span> 
     </span>
     <span class='ocr_line' id='line_1_15' title="bbox 501 1917 1521 1984; baseline 0.004 -17"><span class='ocrx_word' id='word_1_85' title='bbox 501 1920 757 1984; x_wconf 75' lang='lat' dir='ltr'>topoegniis</span> <span class='ocrx_word' id='word_1_86' title='bbox 792 1917 908 1969; x_wconf 66' lang='lat' dir='ltr'>haic</span> <span class='ocrx_word' id='word_1_87' title='bbox 936 1919 1139 1971; x_wconf 79' lang='lat' dir='ltr'>Nonius</span> <span class='ocrx_word' id='word_1_88' title='bbox 1162 1938 1176 1972; x_wconf 90' lang='lat'><strong>:</strong></span> <span class='ocrx_word' id='word_1_89' title='bbox 1224 1945 1247 1964; x_wconf 76' lang='grc' dir='ltr'>ιι</span> <span class='ocrx_word' id='word_1_90' title='bbox 1266 1921 1434 1973; x_wconf 85' lang='lat' dir='ltr'>Nocte</span> <span class='ocrx_word' id='word_1_91' title='bbox 1458 1932 1521 1972; x_wconf 89' lang='lat' dir='ltr'>ut</span> 
     </span>
     <span class='ocr_line' id='line_1_16' title="bbox 500 1995 1522 2067; baseline 0.003 -20"><span class='ocrx_word' id='word_1_92' title='bbox 500 2006 717 2067; x_wconf 83' lang='lat' dir='ltr'>opertus</span> <span class='ocrx_word' id='word_1_93' title='bbox 763 1995 963 2049; x_wconf 86' lang='lat' dir='ltr'>amictu</span> <span class='ocrx_word' id='word_1_94' title='bbox 1013 1996 1318 2050; x_wconf 86' lang='lat' dir='ltr'>latibuletur</span> <span class='ocrx_word' id='word_1_95' title='bbox 1340 2023 1386 2050; x_wconf 69' lang='lat' dir='ltr'>a.</span> <span class='ocrx_word' id='word_1_96' title='bbox 1453 1997 1522 2050; x_wconf 88' lang='lat' dir='ltr'>Et</span> 
     </span>
     <span class='ocr_line' id='line_1_17' title="bbox 501 2075 1517 2146; baseline 0.003 -20"><span class='ocrx_word' id='word_1_97' title='bbox 501 2075 629 2126; x_wconf 78' lang='lat' dir='ltr'>istos</span> <span class='ocrx_word' id='word_1_98' title='bbox 655 2075 906 2146; x_wconf 80' lang='lat' dir='ltr'>Apuleius</span> <span class='ocrx_word' id='word_1_99' title='bbox 928 2075 988 2127; x_wconf 90' lang='lat' dir='ltr'>iu</span> <span class='ocrx_word' id='word_1_100' title='bbox 1012 2075 1267 2146; x_wconf 78' lang='lat' dir='ltr'>Apologia</span> <span class='ocrx_word' id='word_1_101' title='bbox 1288 2076 1517 2129; x_wconf 73' lang='lat' dir='ltr'>versicu-</span> 
     </span>
     <span class='ocr_line' id='line_1_18' title="bbox 499 2153 1520 2216; baseline 0.002 -11"><span class='ocrx_word' id='word_1_102' title='bbox 499 2153 603 2216; x_wconf 86' lang='lat' dir='ltr'>los,</span> <span class='ocrx_word' id='word_1_103' title='bbox 626 2166 687 2206; x_wconf 88' lang='lat' dir='ltr'>ut</span> <span class='ocrx_word' id='word_1_104' title='bbox 710 2153 1015 2208; x_wconf 66' lang='lat' dir='ltr'>emendavit</span> <span class='ocrx_word' id='word_1_105' title='bbox 1031 2153 1341 2209; x_wconf 80' lang='lat' dir='ltr'>Salmasius:</span> <span class='ocrx_word' id='word_1_106' title='bbox 1377 2181 1399 2202; x_wconf 77' lang='grc'>·</span> <span class='ocrx_word' id='word_1_107' title='bbox 1414 2156 1520 2207; x_wconf 78' lang='lat' dir='ltr'>An-</span> 
     </span>
     <span class='ocr_line' id='line_1_19' title="bbox 502 2231 1522 2305; baseline 0 -19"><span class='ocrx_word' id='word_1_108' title='bbox 502 2233 730 2305; x_wconf 83' lang='lat' dir='ltr'>tipathes</span> <span class='ocrx_word' id='word_1_109' title='bbox 752 2231 886 2288; x_wconf 90' lang='lat' dir='ltr'>illud</span> <span class='ocrx_word' id='word_1_110' title='bbox 913 2232 1163 2305; x_wconf 67' lang='lat' dir='ltr'>quarite,</span> <span class='ocrx_word' id='word_1_111' title='bbox 1180 2233 1385 2288; x_wconf 76' lang='lat' dir='ltr'>Philtra</span> <span class='ocrx_word' id='word_1_112' title='bbox 1407 2252 1522 2287; x_wconf 88' lang='lat' dir='ltr'>om·</span> 
     </span>
     <span class='ocr_line' id='line_1_20' title="bbox 502 2311 1522 2386; baseline -0.002 -19"><span class='ocrx_word' id='word_1_113' title='bbox 502 2313 592 2367; x_wconf 80' lang='lat' dir='ltr'>nia</span> <span class='ocrx_word' id='word_1_114' title='bbox 609 2311 842 2386; x_wconf 83' lang='lat' dir='ltr'>undique</span> <span class='ocrx_word' id='word_1_115' title='bbox 860 2313 1072 2367; x_wconf 82' lang='lat' dir='ltr'>irruunt</span> <span class='ocrx_word' id='word_1_116' title='bbox 1086 2352 1101 2376; x_wconf 87' lang='lat'>‚</span> <span class='ocrx_word' id='word_1_117' title='bbox 1120 2311 1385 2379; x_wconf 81' lang='lat' dir='ltr'>Tmchus,</span> <span class='ocrx_word' id='word_1_118' title='bbox 1406 2312 1522 2385; x_wconf 84' lang='lat' dir='ltr'>pili,</span> 
     </span>
     <span class='ocr_line' id='line_1_21' title="bbox 502 2391 1525 2464; baseline 0.003 -19"><span class='ocrx_word' id='word_1_119' title='bbox 502 2411 705 2464; x_wconf 82' lang='lat' dir='ltr'>ungues</span> <span class='ocrx_word' id='word_1_120' title='bbox 722 2434 738 2459; x_wconf 86' lang='lat'>,</span> <span class='ocrx_word' id='word_1_121' title='bbox 766 2394 963 2458; x_wconf 63' lang='lat' dir='ltr'>tanin,</span> <span class='ocrx_word' id='word_1_122' title='bbox 991 2391 1285 2459; x_wconf 74' lang='lat' dir='ltr'>Radiculoe,</span> <span class='ocrx_word' id='word_1_123' title='bbox 1312 2393 1490 2448; x_wconf 64' lang='lat' dir='ltr'>herbe</span> <span class='ocrx_word' id='word_1_124' title='bbox 1509 2432 1525 2457; x_wconf 89' lang='lat'>,</span> 
     </span>
     <span class='ocr_line' id='line_1_22' title="bbox 506 2471 1527 2537; baseline 0 -12"><span class='ocrx_word' id='word_1_125' title='bbox 506 2472 736 2535; x_wconf 84' lang='lat' dir='ltr'>surculi,</span> <span class='ocrx_word' id='word_1_126' title='bbox 774 2472 955 2537; x_wconf 82' lang='lat' dir='ltr'>Sauri,</span> <span class='ocrx_word' id='word_1_127' title='bbox 997 2471 1191 2535; x_wconf 81' lang='lat' dir='ltr'>illices,</span> <span class='ocrx_word' id='word_1_128' title='bbox 1228 2473 1490 2530; x_wconf 76' lang='lat' dir='ltr'>bicodulae</span> <span class='ocrx_word' id='word_1_129' title='bbox 1509 2510 1527 2537; x_wconf 87' lang='lat'><strong>,</strong></span> 
     </span>
     <span class='ocr_line' id='line_1_23' title="bbox 506 2550 1528 2623; baseline 0 -18"><span class='ocrx_word' id='word_1_130' title='bbox 506 2550 867 2605; x_wconf 79' lang='lat' dir='ltr'>Hinnientium</span> <span class='ocrx_word' id='word_1_131' title='bbox 892 2550 1249 2604; x_wconf 76' lang='lat' dir='ltr'>dulcedines».</span> <span class='ocrx_word' id='word_1_132' title='bbox 1268 2552 1315 2603; x_wconf 82' lang='grc' dir='ltr'>Ε</span> <span class='ocrx_word' id='word_1_133' title='bbox 1333 2552 1528 2623; x_wconf 80' lang='lat' dir='ltr'>quibus</span> 
     </span>
     <span class='ocr_line' id='line_1_24' title="bbox 510 2630 1531 2703; baseline 0.002 -20"><span class='ocrx_word' id='word_1_134' title='bbox 510 2642 652 2703; x_wconf 84' lang='lat' dir='ltr'>patet</span> <span class='ocrx_word' id='word_1_135' title='bbox 667 2670 683 2699; x_wconf 86' lang='lat'>‚</span> <span class='ocrx_word' id='word_1_136' title='bbox 707 2648 872 2703; x_wconf 85' lang='lat' dir='ltr'>quare</span> <span class='ocrx_word' id='word_1_137' title='bbox 899 2630 1137 2682; x_wconf 77' lang='lat' dir='ltr'>Laevium</span> <span class='ocrx_word' id='word_1_138' title='bbox 1164 2630 1329 2684; x_wconf 86' lang='lat' dir='ltr'>Poeta</span> <span class='ocrx_word' id='word_1_139' title='bbox 1352 2644 1531 2685; x_wconf 75' lang='lat' dir='ltr'>noster</span> 
     </span>
     <span class='ocr_line' id='line_1_25' title="bbox 509 2707 1530 2767; baseline -0.006 -4"><span class='ocrx_word' id='word_1_140' title='bbox 509 2712 565 2764; x_wconf 91' lang='lat' dir='ltr'>in</span> <span class='ocrx_word' id='word_1_141' title='bbox 629 2710 711 2763; x_wconf 85' lang='lat' dir='ltr'>sui</span> <span class='ocrx_word' id='word_1_142' title='bbox 766 2707 1129 2763; x_wconf 76' lang='lat' dir='ltr'>defensionem</span> <span class='ocrx_word' id='word_1_143' title='bbox 1182 2708 1463 2767; x_wconf 78' lang='lat' dir='ltr'>adduxerit</span> <span class='ocrx_word' id='word_1_144' title='bbox 1490 2736 1530 2757; x_wconf 69' lang='grc' dir='ltr'>ιι.</span> 
     </span>
     <span class='ocr_line' id='line_1_26' title="bbox 512 2788 1532 2845; baseline -0.002 -2"><span class='ocrx_word' id='word_1_145' title='bbox 512 2792 769 2843; x_wconf 77' lang='lat' dir='ltr'>Tou-ms.</span> <span class='ocrx_word' id='word_1_146' title='bbox 791 2820 864 2829; x_wconf 92' lang='lat'><strong>—</strong></span> <span class='ocrx_word' id='word_1_147' title='bbox 880 2788 1037 2841; x_wconf 81' lang='lat' dir='ltr'>Hunc</span> <span class='ocrx_word' id='word_1_148' title='bbox 1058 2789 1297 2841; x_wconf 74' lang='lat' dir='ltr'>Laevium</span> <span class='ocrx_word' id='word_1_149' title='bbox 1308 2790 1532 2845; x_wconf 80' lang='lat' dir='ltr'>Werns.</span> 
     </span>
     <span class='ocr_line' id='line_1_27' title="bbox 514 2865 1531 2940; baseline -0.001 -19"><span class='ocrx_word' id='word_1_150' title='bbox 514 2869 570 2921; x_wconf 86' lang='lat' dir='ltr'>in</span> <span class='ocrx_word' id='word_1_151' title='bbox 586 2868 738 2940; x_wconf 70' lang='lat' dir='ltr'>pref.</span> <span class='ocrx_word' id='word_1_152' title='bbox 764 2865 831 2919; x_wconf 88' lang='lat' dir='ltr'>ad</span> <span class='ocrx_word' id='word_1_153' title='bbox 855 2866 1015 2938; x_wconf 80' lang='lat' dir='ltr'>hujus</span> <span class='ocrx_word' id='word_1_154' title='bbox 1040 2886 1128 2939; x_wconf 85' lang='lat' dir='ltr'>op.</span> <span class='ocrx_word' id='word_1_155' title='bbox 1150 2880 1191 2919; x_wconf 89' lang='lat' dir='ltr'>t.</span> <span class='ocrx_word' id='word_1_156' title='bbox 1215 2867 1301 2932; x_wconf 86' lang='lat'>11,</span> <span class='ocrx_word' id='word_1_157' title='bbox 1317 2867 1531 2921; x_wconf 77' lang='lat' dir='ltr'>Livium</span> 
     </span>
     <span class='ocr_line' id='line_1_28' title="bbox 512 2946 1319 3017; baseline -0.002 -16"><span class='ocrx_word' id='word_1_158' title='bbox 512 2946 871 3001; x_wconf 78' lang='lat' dir='ltr'>Andronicum</span> <span class='ocrx_word' id='word_1_159' title='bbox 892 2964 1005 2999; x_wconf 84' lang='lat' dir='ltr'>esse</span> <span class='ocrx_word' id='word_1_160' title='bbox 1026 2957 1198 3017; x_wconf 58' lang='lat' dir='ltr'>punt.</span> <span class='ocrx_word' id='word_1_161' title='bbox 1214 2946 1319 2999; x_wconf 83' lang='lat' dir='ltr'>En.</span> 
     </span>
    </p>

    <p class='ocr_par' dir='ltr' id='par_1_5' title="bbox 510 3024 1546 4130">
     <span class='ocr_line' id='line_1_29' title="bbox 578 3024 1529 3095; baseline 0.002 -17"><span class='ocrx_word' id='word_1_162' title='bbox 578 3029 654 3095; x_wconf 89' lang='grc' dir='ltr'>(ι)</span> <span class='ocrx_word' id='word_1_163' title='bbox 693 3029 826 3095; x_wconf 77' lang='lat' dir='ltr'>Quid</span> <span class='ocrx_word' id='word_1_164' title='bbox 854 3030 1083 3077; x_wconf 63' lang='lat' dir='ltr'>Euenum.</span> <span class='ocrx_word' id='word_1_165' title='bbox 1122 3024 1242 3077; x_wconf 83' lang='lat' dir='ltr'>Huc</span> <span class='ocrx_word' id='word_1_166' title='bbox 1270 3026 1437 3080; x_wconf 85' lang='lat' dir='ltr'>multa</span> <span class='ocrx_word' id='word_1_167' title='bbox 1466 3046 1529 3080; x_wconf 84' lang='lat' dir='ltr'>ex</span> 
     </span>
     <span class='ocr_line' id='line_1_30' title="bbox 510 3102 1534 3178; baseline 0.002 -20"><span class='ocrx_word' id='word_1_168' title='bbox 510 3105 746 3178; x_wconf 78' lang='lat' dir='ltr'>Gyraldo</span> <span class='ocrx_word' id='word_1_169' title='bbox 798 3102 1055 3174; x_wconf 71' lang='lat' dir='ltr'>congessit</span> <span class='ocrx_word' id='word_1_170' title='bbox 1110 3103 1403 3159; x_wconf 80' lang='lat' dir='ltr'>Scriverius</span> <span class='ocrx_word' id='word_1_171' title='bbox 1464 3105 1534 3159; x_wconf 84' lang='lat' dir='ltr'>de</span> 
     </span>
     <span class='ocr_line' id='line_1_31' title="bbox 512 3180 1534 3254; baseline 0.001 -17"><span class='ocrx_word' id='word_1_172' title='bbox 512 3185 717 3237; x_wconf 88' lang='lat' dir='ltr'>duobus</span> <span class='ocrx_word' id='word_1_173' title='bbox 743 3183 937 3235; x_wconf 85' lang='lat' dir='ltr'>Evenis</span> <span class='ocrx_word' id='word_1_174' title='bbox 958 3218 973 3244; x_wconf 89' lang='lat'>,</span> <span class='ocrx_word' id='word_1_175' title='bbox 1012 3180 1307 3254; x_wconf 85' lang='lat' dir='ltr'>iisdemque</span> <span class='ocrx_word' id='word_1_176' title='bbox 1341 3204 1372 3237; x_wconf 90' lang='lat' dir='ltr'>e</span> <span class='ocrx_word' id='word_1_177' title='bbox 1396 3184 1534 3239; x_wconf 82' lang='lat' dir='ltr'>Paro</span> 
     </span>
     <span class='ocr_line' id='line_1_32' title="bbox 512 3260 1537 3332; baseline 0.001 -16"><span class='ocrx_word' id='word_1_178' title='bbox 512 3263 683 3316; x_wconf 81' lang='lat' dir='ltr'>insula</span> <span class='ocrx_word' id='word_1_179' title='bbox 700 3300 716 3325; x_wconf 86' lang='lat'>,</span> <span class='ocrx_word' id='word_1_180' title='bbox 741 3271 793 3314; x_wconf 84' lang='lat' dir='ltr'>et</span> <span class='ocrx_word' id='word_1_181' title='bbox 812 3260 1228 3332; x_wconf 78' lang='lat' dir='ltr'>Elegiographis.</span> <span class='ocrx_word' id='word_1_182' title='bbox 1250 3262 1354 3316; x_wconf 89' lang='lat' dir='ltr'>Sed</span> <span class='ocrx_word' id='word_1_183' title='bbox 1372 3264 1537 3317; x_wconf 80' lang='lat' dir='ltr'>miror</span> 
     </span>
     <span class='ocr_line' id='line_1_33' title="bbox 516 3338 1535 3415; baseline 0 -20"><span class='ocrx_word' id='word_1_184' title='bbox 516 3340 657 3395; x_wconf 83' lang='lat' dir='ltr'>Had.</span> <span class='ocrx_word' id='word_1_185' title='bbox 709 3338 927 3393; x_wconf 83' lang='lat' dir='ltr'>Junium&#39;</span> <span class='ocrx_word' id='word_1_186' title='bbox 979 3358 1079 3412; x_wconf 90' lang='lat' dir='ltr'>pro</span> <span class='ocrx_word' id='word_1_187' title='bbox 1128 3346 1293 3393; x_wconf 67' lang='lat' dir='ltr'>Eueno</span> <span class='ocrx_word' id='word_1_188' title='bbox 1344 3342 1535 3415; x_wconf 86' lang='lat' dir='ltr'>reponi</span> 
     </span>
     <span class='ocr_line' id='line_1_34' title="bbox 516 3419 1536 3494; baseline 0.001 -19"><span class='ocrx_word' id='word_1_189' title='bbox 516 3422 651 3475; x_wconf 79' lang='lat' dir='ltr'>velle</span> <span class='ocrx_word' id='word_1_190' title='bbox 668 3424 1002 3472; x_wconf 73' lang='lat' dir='ltr'>Euhemerum.</span> <span class='ocrx_word' id='word_1_191' title='bbox 1026 3419 1183 3473; x_wconf 80' lang='lat' dir='ltr'>Certe</span> <span class='ocrx_word' id='word_1_192' title='bbox 1197 3457 1213 3484; x_wconf 90' lang='lat'>,</span> <span class='ocrx_word' id='word_1_193' title='bbox 1236 3440 1301 3473; x_wconf 82' lang='lat' dir='ltr'>ex</span> <span class='ocrx_word' id='word_1_194' title='bbox 1326 3422 1389 3476; x_wconf 84' lang='lat' dir='ltr'>iis</span> <span class='ocrx_word' id='word_1_195' title='bbox 1415 3442 1536 3494; x_wconf 74' lang='lat' dir='ltr'>quae</span> 
     </span>
     <span class='ocr_line' id='line_1_35' title="bbox 516 3497 1538 3569; baseline 0 -14"><span class='ocrx_word' id='word_1_196' title='bbox 516 3500 721 3567; x_wconf 80' lang='lat' dir='ltr'>adfert,</span> <span class='ocrx_word' id='word_1_197' title='bbox 737 3518 847 3551; x_wconf 85' lang='lat' dir='ltr'>uon</span> <span class='ocrx_word' id='word_1_198' title='bbox 872 3497 1123 3563; x_wconf 85' lang='lat' dir='ltr'>efficitur,</span> <span class='ocrx_word' id='word_1_199' title='bbox 1147 3512 1354 3569; x_wconf 85' lang='lat' dir='ltr'>poetam</span> <span class='ocrx_word' id='word_1_200' title='bbox 1376 3501 1538 3555; x_wconf 67' lang='lat' dir='ltr'>fixisse</span> 
     </span>
     <span class='ocr_line' id='line_1_36' title="bbox 513 3579 1534 3653; baseline 0.001 -20"><span class='ocrx_word' id='word_1_201' title='bbox 513 3580 867 3633; x_wconf 86' lang='lat' dir='ltr'>Euhemerum</span> <span class='ocrx_word' id='word_1_202' title='bbox 894 3590 986 3631; x_wconf 85' lang='lat' dir='ltr'>aut</span> <span class='ocrx_word' id='word_1_203' title='bbox 1010 3579 1221 3632; x_wconf 85' lang='lat' dir='ltr'>Erotica</span> <span class='ocrx_word' id='word_1_204' title='bbox 1248 3580 1534 3653; x_wconf 76' lang='lat' dir='ltr'>scripsisse.</span> 
     </span>
     <span class='ocr_line' id='line_1_37' title="bbox 514 3657 1536 3714; baseline 0.001 -1"><span class='ocrx_word' id='word_1_205' title='bbox 514 3662 688 3713; x_wconf 87' lang='lat' dir='ltr'>Immo</span> <span class='ocrx_word' id='word_1_206' title='bbox 730 3669 935 3711; x_wconf 83' lang='lat' dir='ltr'>constat</span> <span class='ocrx_word' id='word_1_207' title='bbox 976 3657 1219 3712; x_wconf 83' lang='lat' dir='ltr'>Evenum</span> <span class='ocrx_word' id='word_1_208' title='bbox 1264 3659 1536 3714; x_wconf 78' lang='lat' dir='ltr'>amatoriis</span> 
     </span>
     <span class='ocr_line' id='line_1_38' title="bbox 518 3736 1537 3810; baseline 0.001 -18"><span class='ocrx_word' id='word_1_209' title='bbox 518 3736 814 3793; x_wconf 80' lang='lat' dir='ltr'>scribundis</span> <span class='ocrx_word' id='word_1_210' title='bbox 846 3736 1085 3789; x_wconf 70' lang='lat' dir='ltr'>antimum</span> <span class='ocrx_word' id='word_1_211' title='bbox 1116 3736 1405 3810; x_wconf 81' lang='lat' dir='ltr'>adpulisse,</span> <span class='ocrx_word' id='word_1_212' title='bbox 1424 3750 1537 3793; x_wconf 89' lang='lat' dir='ltr'>tum</span> 
     </span>
     <span class='ocr_line' id='line_1_39' title="bbox 522 3814 1538 3888; baseline 0 -17"><span class='ocrx_word' id='word_1_213' title='bbox 522 3838 584 3871; x_wconf 85' lang='lat' dir='ltr'>ex</span> <span class='ocrx_word' id='word_1_214' title='bbox 606 3816 857 3871; x_wconf 83' lang='lat' dir='ltr'>Artemid.</span> <span class='ocrx_word' id='word_1_215' title='bbox 884 3814 974 3866; x_wconf 90' lang='lat' dir='ltr'>lib.</span> <span class='ocrx_word' id='word_1_216' title='bbox 1009 3816 1037 3867; x_wconf 91' lang='lat'>1</span> <span class='ocrx_word' id='word_1_217' title='bbox 1054 3857 1070 3882; x_wconf 92' lang='lat'>,</span> <span class='ocrx_word' id='word_1_218' title='bbox 1096 3836 1209 3888; x_wconf 87' lang='lat' dir='ltr'>cap.</span> <span class='ocrx_word' id='word_1_219' title='bbox 1236 3824 1297 3882; x_wconf 86' lang='lat'>5,</span> <span class='ocrx_word' id='word_1_220' title='bbox 1325 3833 1439 3871; x_wconf 89' lang='lat' dir='ltr'>tum</span> <span class='ocrx_word' id='word_1_221' title='bbox 1475 3838 1538 3873; x_wconf 85' lang='lat' dir='ltr'>ex</span> 
     </span>
     <span class='ocr_line' id='line_1_40' title="bbox 522 3894 1543 3967; baseline 0.003 -19"><span class='ocrx_word' id='word_1_222' title='bbox 522 3899 744 3951; x_wconf 82' lang='lat' dir='ltr'>Arriano</span> <span class='ocrx_word' id='word_1_223' title='bbox 772 3896 829 3949; x_wconf 85' lang='lat' dir='ltr'>in</span> <span class='ocrx_word' id='word_1_224' title='bbox 857 3894 1157 3967; x_wconf 71' lang='lat' dir='ltr'>EpIctetum</span> <span class='ocrx_word' id='word_1_225' title='bbox 1174 3935 1189 3959; x_wconf 90' lang='lat'>,</span> <span class='ocrx_word' id='word_1_226' title='bbox 1220 3894 1313 3951; x_wconf 85' lang='lat' dir='ltr'>ubi&#39;</span> <span class='ocrx_word' id='word_1_227' title='bbox 1334 3898 1445 3951; x_wconf 78' lang='lat' dir='ltr'>hoec</span> <span class='ocrx_word' id='word_1_228' title='bbox 1470 3899 1543 3952; x_wconf 87' lang='lat' dir='ltr'>le-</span> 
     </span>
     <span class='ocr_line' id='line_1_41' title="bbox 521 3978 1546 4047; baseline 0.004 -18"><span class='ocrx_word' id='word_1_229' title='bbox 521 3996 641 4046; x_wconf 83' lang='lat' dir='ltr'>gere</span> <span class='ocrx_word' id='word_1_230' title='bbox 668 3990 773 4034; x_wconf 84' lang='lat' dir='ltr'>est,</span> <span class='ocrx_word' id='word_1_231' title='bbox 798 3978 905 4031; x_wconf 80' lang='grc' dir='ltr'><strong>ἀντὶ</strong></span> <span class='ocrx_word' id='word_1_232' title='bbox 930 3979 1222 4047; x_wconf 75' lang='grc' dir='ltr'>Χρυσίππου</span> <span class='ocrx_word' id='word_1_233' title='bbox 1242 4020 1255 4041; x_wconf 92' lang='grc'><em>,</em></span> <span class='ocrx_word' id='word_1_234' title='bbox 1284 3980 1367 4034; x_wconf 70' lang='grc' dir='ltr'>καὶ</span> <span class='ocrx_word' id='word_1_235' title='bbox 1391 3981 1546 4037; x_wconf 68' lang='grc' dir='ltr'><strong>Ζήνω-</strong></span> 
     </span>
     <span class='ocr_line' id='line_1_42' title="bbox 521 4052 1546 4130; baseline 0.007 -20"><span class='ocrx_word' id='word_1_236' title='bbox 521 4079 595 4118; x_wconf 65' lang='grc' dir='ltr'>νος</span> <span class='ocrx_word' id='word_1_237' title='bbox 622 4052 879 4130; x_wconf 53' lang='lat' dir='ltr'>Alpis-eidus</span> <span class='ocrx_word' id='word_1_238' title='bbox 910 4058 1284 4127; x_wconf 73' lang='grc' dir='ltr'><strong>ἀναγινώσκεις,</strong></span> <span class='ocrx_word' id='word_1_239' title='bbox 1314 4060 1397 4113; x_wconf 76' lang='grc' dir='ltr'>καὶ</span> <span class='ocrx_word' id='word_1_240' title='bbox 1420 4063 1546 4117; x_wconf 62' lang='lat' dir='ltr'>Eur.-</span> 
     </span>
    </p>
   </div>
   <div class='ocr_carea' id='block_1_5' title="bbox 1606 1676 2652 4133">
    <p class='ocr_par' dir='ltr' id='par_1_6' title="bbox 1606 1676 2634 1973">
     <span class='ocr_line' id='line_1_43' title="bbox 1606 1676 2634 1750; baseline -0.005 -15"><span class='ocrx_word' id='word_1_241' title='bbox 1606 1683 1712 1744; x_wconf 75' lang='grc' dir='ltr'>νὸν,</span> <span class='ocrx_word' id='word_1_242' title='bbox 1739 1676 1880 1734; x_wconf 66' lang='grc' dir='ltr'><strong>οὐδὲν</strong></span> <span class='ocrx_word' id='word_1_243' title='bbox 1913 1679 2244 1740; x_wconf 71' lang='grc' dir='ltr'><strong>ἀπολῶλικας.</strong></span> <span class='ocrx_word' id='word_1_244' title='bbox 2287 1679 2470 1731; x_wconf 86' lang='lat' dir='ltr'>Solent</span> <span class='ocrx_word' id='word_1_245' title='bbox 2509 1678 2634 1750; x_wconf 83' lang='lat' dir='ltr'>qui·</span> 
     </span>
     <span class='ocr_line' id='line_1_44' title="bbox 1609 1756 2633 1813; baseline -0.005 0"><span class='ocrx_word' id='word_1_246' title='bbox 1609 1759 1730 1813; x_wconf 89' lang='lat' dir='ltr'>dem</span> <span class='ocrx_word' id='word_1_247' title='bbox 1797 1759 2012 1813; x_wconf 78' lang='lat' dir='ltr'>Evenus</span> <span class='ocrx_word' id='word_1_248' title='bbox 2081 1769 2133 1812; x_wconf 88' lang='lat' dir='ltr'>et</span> <span class='ocrx_word' id='word_1_249' title='bbox 2199 1756 2536 1811; x_wconf 80' lang='lat' dir='ltr'>Euhemerus</span> <span class='ocrx_word' id='word_1_250' title='bbox 2599 1776 2633 1808; x_wconf 85' lang='lat' dir='ltr'>a</span> 
     </span>
     <span class='ocr_line' id='line_1_45' title="bbox 1609 1837 2633 1910; baseline -0.005 -15"><span class='ocrx_word' id='word_1_251' title='bbox 1609 1839 1836 1896; x_wconf 81' lang='lat' dir='ltr'>librariis</span> <span class='ocrx_word' id='word_1_252' title='bbox 1869 1837 2155 1905; x_wconf 81' lang='lat' dir='ltr'>confundi,</span> <span class='ocrx_word' id='word_1_253' title='bbox 2194 1849 2252 1890; x_wconf 84' lang='lat' dir='ltr'>ut</span> <span class='ocrx_word' id='word_1_254' title='bbox 2280 1841 2392 1910; x_wconf 82' lang='lat' dir='ltr'>jam</span> <span class='ocrx_word' id='word_1_255' title='bbox 2430 1856 2463 1890; x_wconf 80' lang='lat' dir='ltr'>a</span> <span class='ocrx_word' id='word_1_256' title='bbox 2501 1837 2633 1891; x_wconf 81' lang='lat' dir='ltr'>Car·</span> 
     </span>
     <span class='ocr_line' id='line_1_46' title="bbox 1606 1916 2503 1973; baseline -0.006 -1"><span class='ocrx_word' id='word_1_257' title='bbox 1606 1921 1757 1973; x_wconf 87' lang='lat' dir='ltr'>rione</span> <span class='ocrx_word' id='word_1_258' title='bbox 1781 1930 1834 1972; x_wconf 89' lang='lat' dir='ltr'>et</span> <span class='ocrx_word' id='word_1_259' title='bbox 1855 1916 2125 1970; x_wconf 83' lang='lat' dir='ltr'>Nunnesio</span> <span class='ocrx_word' id='word_1_260' title='bbox 2149 1917 2503 1971; x_wconf 78' lang='lat' dir='ltr'>observatum.</span> 
     </span>
    </p>

    <p class='ocr_par' dir='ltr' id='par_1_7' title="bbox 1607 1998 2640 2938">
     <span class='ocr_line' id='line_1_47' title="bbox 1677 1998 2630 2066; baseline -0.004 -16"><span class='ocrx_word' id='word_1_261' title='bbox 1677 2002 1754 2066; x_wconf 83' lang='lat'>(2)</span> <span class='ocrx_word' id='word_1_262' title='bbox 1791 1999 1923 2065; x_wconf 78' lang='lat' dir='ltr'>Quid</span> <span class='ocrx_word' id='word_1_263' title='bbox 1945 1998 2090 2049; x_wconf 74' lang='lat' dir='ltr'>etiam</span> <span class='ocrx_word' id='word_1_264' title='bbox 2111 2000 2422 2050; x_wconf 68' lang='lat' dir='ltr'>Partheniana</span> <span class='ocrx_word' id='word_1_265' title='bbox 2445 1999 2630 2050; x_wconf 68' lang='lat' dir='ltr'>diem</span> 
     </span>
     <span class='ocr_line' id='line_1_48' title="bbox 1607 2073 2638 2146; baseline -0.003 -16"><span class='ocrx_word' id='word_1_266' title='bbox 1607 2096 1786 2130; x_wconf 79' lang='lat' dir='ltr'>caussa</span> <span class='ocrx_word' id='word_1_267' title='bbox 1815 2079 2020 2144; x_wconf 76' lang='lat' dir='ltr'>pudoris</span> <span class='ocrx_word' id='word_1_268' title='bbox 2033 2084 2062 2126; x_wconf 70' lang='grc' dir='ltr'><em>θ</em></span> <span class='ocrx_word' id='word_1_269' title='bbox 2077 2075 2167 2144; x_wconf 71' lang='lat' dir='ltr'>Sic</span> <span class='ocrx_word' id='word_1_270' title='bbox 2202 2077 2363 2146; x_wconf 77' lang='lat' dir='ltr'>vulgo</span> <span class='ocrx_word' id='word_1_271' title='bbox 2399 2073 2638 2129; x_wconf 77' lang='lat' dir='ltr'>creditur</span> 
     </span>
     <span class='ocr_line' id='line_1_49' title="bbox 1608 2153 2638 2228; baseline -0.002 -19"><span class='ocrx_word' id='word_1_272' title='bbox 1608 2155 1894 2227; x_wconf 79' lang='lat' dir='ltr'>Virgilium</span> <span class='ocrx_word' id='word_1_273' title='bbox 1900 2153 2126 2224; x_wconf 75' lang='lat' dir='ltr'>Neapoli</span> <span class='ocrx_word' id='word_1_274' title='bbox 2139 2153 2469 2228; x_wconf 83' lang='lat' dir='ltr'>adpellatum</span> <span class='ocrx_word' id='word_1_275' title='bbox 2479 2153 2638 2207; x_wconf 71' lang='lat' dir='ltr'>fuine</span> 
     </span>
     <span class='ocr_line' id='line_1_50' title="bbox 1611 2232 2640 2306; baseline -0.005 -16"><span class='ocrx_word' id='word_1_276' title='bbox 1611 2238 1714 2291; x_wconf 69' lang='grc' dir='ltr'>ἀπὸ</span> <span class='ocrx_word' id='word_1_277' title='bbox 1747 2241 1830 2290; x_wconf 78' lang='grc' dir='ltr'>τοῦ</span> <span class='ocrx_word' id='word_1_278' title='bbox 1854 2237 2088 2306; x_wconf 67' lang='grc' dir='ltr'>παρθένος</span> <span class='ocrx_word' id='word_1_279' title='bbox 2102 2278 2118 2302; x_wconf 88' lang='grc'>,</span> <span class='ocrx_word' id='word_1_280' title='bbox 2133 2232 2281 2306; x_wconf 80' lang='lat' dir='ltr'>quod</span> <span class='ocrx_word' id='word_1_281' title='bbox 2304 2233 2468 2286; x_wconf 80' lang='lat' dir='ltr'>instar</span> <span class='ocrx_word' id='word_1_282' title='bbox 2486 2232 2640 2304; x_wconf 76' lang='lat' dir='ltr'>virgi·</span> 
     </span>
     <span class='ocr_line' id='line_1_51' title="bbox 1613 2311 2638 2369; baseline -0.006 0"><span class='ocrx_word' id='word_1_283' title='bbox 1613 2315 1696 2369; x_wconf 83' lang='lat' dir='ltr'>nis</span> <span class='ocrx_word' id='word_1_284' title='bbox 1708 2313 1949 2368; x_wconf 86' lang='lat' dir='ltr'>moribus</span> <span class='ocrx_word' id='word_1_285' title='bbox 1961 2325 2096 2367; x_wconf 84' lang='lat' dir='ltr'>esset</span> <span class='ocrx_word' id='word_1_286' title='bbox 2115 2311 2638 2367; x_wconf 51' lang='lat' dir='ltr'>castissimhvemm</span> 
     </span>
     <span class='ocr_line' id='line_1_52' title="bbox 1614 2389 2636 2464; baseline -0.004 -17"><span class='ocrx_word' id='word_1_287' title='bbox 1614 2395 1828 2447; x_wconf 78' lang='lat' dir='ltr'>obstant</span> <span class='ocrx_word' id='word_1_288' title='bbox 1851 2392 2099 2447; x_wconf 88' lang='lat' dir='ltr'>Bucolica</span> <span class='ocrx_word' id='word_1_289' title='bbox 2121 2434 2138 2459; x_wconf 90' lang='lat'><strong>,</strong></span> <span class='ocrx_word' id='word_1_290' title='bbox 2177 2405 2229 2446; x_wconf 91' lang='lat' dir='ltr'>et</span> <span class='ocrx_word' id='word_1_291' title='bbox 2259 2410 2378 2464; x_wconf 72' lang='lat' dir='ltr'>quae</span> <span class='ocrx_word' id='word_1_292' title='bbox 2409 2389 2479 2444; x_wconf 90' lang='lat' dir='ltr'>de</span> <span class='ocrx_word' id='word_1_293' title='bbox 2499 2390 2636 2444; x_wconf 79' lang='lat' dir='ltr'>illius</span> 
     </span>
     <span class='ocr_line' id='line_1_53' title="bbox 1615 2471 2640 2545; baseline -0.002 -19"><span class='ocrx_word' id='word_1_294' title='bbox 1615 2474 1780 2526; x_wconf 84' lang='lat' dir='ltr'>nimia</span> <span class='ocrx_word' id='word_1_295' title='bbox 1821 2472 1876 2525; x_wconf 87' lang='lat' dir='ltr'>in</span> <span class='ocrx_word' id='word_1_296' title='bbox 1910 2490 2105 2541; x_wconf 78' lang='lat' dir='ltr'>pueros</span> <span class='ocrx_word' id='word_1_297' title='bbox 2142 2471 2497 2545; x_wconf 81' lang='lat' dir='ltr'>propensione</span> <span class='ocrx_word' id='word_1_298' title='bbox 2535 2488 2640 2523; x_wconf 84' lang='lat' dir='ltr'>me·</span> 
     </span>
     <span class='ocr_line' id='line_1_54' title="bbox 1615 2549 2636 2623; baseline -0.003 -18"><span class='ocrx_word' id='word_1_299' title='bbox 1615 2552 1800 2605; x_wconf 76' lang='lat' dir='ltr'>moriae</span> <span class='ocrx_word' id='word_1_300' title='bbox 1829 2549 2039 2621; x_wconf 79' lang='lat' dir='ltr'>prodita</span> <span class='ocrx_word' id='word_1_301' title='bbox 2079 2564 2220 2605; x_wconf 85' lang='lat' dir='ltr'>sunt.</span> <span class='ocrx_word' id='word_1_302' title='bbox 2250 2551 2422 2623; x_wconf 74' lang='lat' dir='ltr'>Igitur</span> <span class='ocrx_word' id='word_1_303' title='bbox 2463 2550 2636 2603; x_wconf 74' lang='lat' dir='ltr'>malim</span> 
     </span>
     <span class='ocr_line' id='line_1_55' title="bbox 1619 2628 2638 2685; baseline -0.004 0"><span class='ocrx_word' id='word_1_304' title='bbox 1619 2630 1868 2685; x_wconf 84' lang='lat' dir='ltr'>accedere</span> <span class='ocrx_word' id='word_1_305' title='bbox 1906 2630 2120 2685; x_wconf 81' lang='lat' dir='ltr'>Huetio.</span> <span class='ocrx_word' id='word_1_306' title='bbox 2167 2631 2360 2685; x_wconf 80' lang='lat' dir='ltr'>Censet</span> <span class='ocrx_word' id='word_1_307' title='bbox 2391 2628 2638 2682; x_wconf 87' lang='lat' dir='ltr'>nimirum</span> 
     </span>
     <span class='ocr_line' id='line_1_56' title="bbox 1623 2708 2640 2780; baseline -0.002 -17"><span class='ocrx_word' id='word_1_308' title='bbox 1623 2709 1821 2765; x_wconf 80' lang='lat' dir='ltr'>idcirco</span> <span class='ocrx_word' id='word_1_309' title='bbox 1839 2708 2060 2780; x_wconf 77' lang='lat' dir='ltr'>Neapoli</span> <span class='ocrx_word' id='word_1_310' title='bbox 2076 2713 2395 2761; x_wconf 68' lang='lat' dir='ltr'>Parthenium</span> <span class='ocrx_word' id='word_1_311' title='bbox 2414 2708 2612 2762; x_wconf 85' lang='lat' dir='ltr'>dictum</span> <span class='ocrx_word' id='word_1_312' title='bbox 2624 2748 2640 2773; x_wconf 89' lang='lat'><strong>‚</strong></span> 
     </span>
     <span class='ocr_line' id='line_1_57' title="bbox 1620 2780 2640 2861; baseline -0.004 -18"><span class='ocrx_word' id='word_1_313' title='bbox 1620 2787 1768 2861; x_wconf 88' lang='lat' dir='ltr'>quod</span> <span class='ocrx_word' id='word_1_314' title='bbox 1791 2786 2089 2859; x_wconf 67' lang='lat' dir='ltr'>virginium</span> <span class='ocrx_word' id='word_1_315' title='bbox 2123 2806 2224 2859; x_wconf 81' lang='lat' dir='ltr'>pro</span> <span class='ocrx_word' id='word_1_316' title='bbox 2251 2780 2480 2859; x_wconf 77' lang='lat' dir='ltr'>Virgilio</span> <span class='ocrx_word' id='word_1_317' title='bbox 2514 2806 2640 2859; x_wconf 73' lang='lat' dir='ltr'>gens</span> 
     </span>
     <span class='ocr_line' id='line_1_58' title="bbox 1619 2865 2616 2938; baseline -0.005 -16"><span class='ocrx_word' id='word_1_318' title='bbox 1619 2868 1802 2922; x_wconf 81' lang='lat' dir='ltr'>Graeca</span> <span class='ocrx_word' id='word_1_319' title='bbox 1827 2865 2103 2936; x_wconf 86' lang='lat' dir='ltr'>acciperet.</span> <span class='ocrx_word' id='word_1_320' title='bbox 2122 2866 2398 2919; x_wconf 74' lang='lat' dir='ltr'>Hom-ru.</span> <span class='ocrx_word' id='word_1_321' title='bbox 2417 2884 2478 2938; x_wconf 88' lang='lat' dir='ltr'>p.</span> <span class='ocrx_word' id='word_1_322' title='bbox 2501 2884 2616 2935; x_wconf 82' lang='lat'>1²7·</span> 
     </span>
    </p>

    <p class='ocr_par' dir='ltr' id='par_1_8' title="bbox 1620 2945 2644 3416">
     <span class='ocr_line' id='line_1_59' title="bbox 1687 2945 2642 3019; baseline -0.005 -17"><span class='ocrx_word' id='word_1_323' title='bbox 1687 2948 1768 3019; x_wconf 86' lang='grc'>(3)</span> <span class='ocrx_word' id='word_1_324' title='bbox 1805 2954 1989 3001; x_wconf 72' lang='lat' dir='ltr'>Octavo</span> <span class='ocrx_word' id='word_1_325' title='bbox 2029 2948 2288 2998; x_wconf 75' lang='lat' dir='ltr'>AEneidos.</span> <span class='ocrx_word' id='word_1_326' title='bbox 2339 2945 2420 2997; x_wconf 85' lang='lat' dir='ltr'>En</span> <span class='ocrx_word' id='word_1_327' title='bbox 2463 2962 2642 2999; x_wconf 68' lang='lat' dir='ltr'>versus</span> 
     </span>
     <span class='ocr_line' id='line_1_60' title="bbox 1620 3022 2644 3100; baseline -0.006 -19"><span class='ocrx_word' id='word_1_328' title='bbox 1620 3027 1813 3100; x_wconf 86' lang='lat' dir='ltr'>quibus</span> <span class='ocrx_word' id='word_1_329' title='bbox 1836 3026 2060 3080; x_wconf 85' lang='lat' dir='ltr'>Veneris</span> <span class='ocrx_word' id='word_1_330' title='bbox 2085 3036 2246 3095; x_wconf 79' lang='lat' dir='ltr'>atque</span> <span class='ocrx_word' id='word_1_331' title='bbox 2271 3024 2504 3078; x_wconf 81' lang='lat' dir='ltr'>‘Vulcani</span> <span class='ocrx_word' id='word_1_332' title='bbox 2538 3022 2644 3076; x_wconf 85' lang='lat' dir='ltr'>coi·</span> 
     </span>
     <span class='ocr_line' id='line_1_61' title="bbox 1622 3102 2644 3175; baseline -0.006 -15"><span class='ocrx_word' id='word_1_333' title='bbox 1622 3120 1734 3160; x_wconf 89' lang='lat' dir='ltr'>tum</span> <span class='ocrx_word' id='word_1_334' title='bbox 1761 3104 2010 3159; x_wconf 78' lang='lat' dir='ltr'>describit</span> <span class='ocrx_word' id='word_1_335' title='bbox 2031 3123 2046 3158; x_wconf 86' lang='lat'>:</span> <span class='ocrx_word' id='word_1_336' title='bbox 2075 3104 2338 3175; x_wconf 76' lang='lat' dir='ltr'>«Optatos</span> <span class='ocrx_word' id='word_1_337' title='bbox 2365 3102 2512 3157; x_wconf 85' lang='lat' dir='ltr'>dedit</span> <span class='ocrx_word' id='word_1_338' title='bbox 2537 3120 2644 3155; x_wconf 83' lang='lat' dir='ltr'>am·</span> 
     </span>
     <span class='ocr_line' id='line_1_62' title="bbox 1621 3182 2640 3257; baseline -0.002 -20"><span class='ocrx_word' id='word_1_339' title='bbox 1621 3186 1806 3257; x_wconf 76' lang='lat' dir='ltr'>plexus</span> <span class='ocrx_word' id='word_1_340' title='bbox 1819 3224 1836 3249; x_wconf 88' lang='lat'>,</span> <span class='ocrx_word' id='word_1_341' title='bbox 1856 3184 2222 3257; x_wconf 84' lang='lat' dir='ltr'>placidamque</span> <span class='ocrx_word' id='word_1_342' title='bbox 2241 3183 2428 3255; x_wconf 84' lang='lat' dir='ltr'>petivit</span> <span class='ocrx_word' id='word_1_343' title='bbox 2441 3182 2640 3255; x_wconf 85' lang='lat' dir='ltr'>Gonju·</span> 
     </span>
     <span class='ocr_line' id='line_1_63' title="bbox 1622 3262 2641 3337; baseline -0.002 -21"><span class='ocrx_word' id='word_1_344' title='bbox 1622 3266 1702 3337; x_wconf 79' lang='lat' dir='ltr'>gis</span> <span class='ocrx_word' id='word_1_345' title='bbox 1747 3265 1952 3319; x_wconf 81' lang='lat' dir='ltr'>infusus</span> <span class='ocrx_word' id='word_1_346' title='bbox 2007 3262 2210 3335; x_wconf 82' lang='lat' dir='ltr'>gremio</span> <span class='ocrx_word' id='word_1_347' title='bbox 2253 3280 2354 3334; x_wconf 81' lang='lat' dir='ltr'>per</span> <span class='ocrx_word' id='word_1_348' title='bbox 2405 3262 2641 3316; x_wconf 83' lang='lat' dir='ltr'>membra</span> 
     </span>
     <span class='ocr_line' id='line_1_64' title="bbox 1623 3344 1923 3416; baseline 0.007 -19"><span class='ocrx_word' id='word_1_349' title='bbox 1623 3344 1858 3416; x_wconf 86' lang='lat' dir='ltr'>quietem</span> <span class='ocrx_word' id='word_1_350' title='bbox 1876 3370 1923 3399; x_wconf 76' lang='grc' dir='ltr'>ιο.</span> 
     </span>
    </p>

    <p class='ocr_par' dir='ltr' id='par_1_9' title="bbox 1623 3414 2652 4133">
     <span class='ocr_line' id='line_1_65' title="bbox 1691 3414 2640 3497; baseline -0.008 -18"><span class='ocrx_word' id='word_1_351' title='bbox 1691 3414 2640 3497; x_wconf 51' lang='lat' dir='ltr'>(simoniacan-vioev[1&#39;2tqpeetpvioev].</span> 
     </span>
     <span class='ocr_line' id='line_1_66' title="bbox 1623 3501 2648 3557; baseline -0.001 -1"><span class='ocrx_word' id='word_1_352' title='bbox 1623 3503 2050 3557; x_wconf 87' lang='lat' dir='ltr'>Commutatione</span> <span class='ocrx_word' id='word_1_353' title='bbox 2070 3502 2345 3555; x_wconf 82' lang='lat' dir='ltr'>literarum</span> <span class='ocrx_word' id='word_1_354' title='bbox 2375 3501 2524 3554; x_wconf 86' lang='lat' dir='ltr'>baud</span> <span class='ocrx_word' id='word_1_355' title='bbox 2552 3502 2648 3555; x_wconf 87' lang='lat' dir='ltr'>im·</span> 
     </span>
     <span class='ocr_line' id='line_1_67' title="bbox 1623 3581 2648 3653; baseline -0.001 -18"><span class='ocrx_word' id='word_1_356' title='bbox 1623 3582 1866 3653; x_wconf 84' lang='lat' dir='ltr'>parilium</span> <span class='ocrx_word' id='word_1_357' title='bbox 1894 3623 1910 3648; x_wconf 88' lang='lat'><strong>‚</strong></span> <span class='ocrx_word' id='word_1_358' title='bbox 1970 3581 2174 3635; x_wconf 67' lang='lat' dir='ltr'>menda</span> <span class='ocrx_word' id='word_1_359' title='bbox 2223 3581 2313 3635; x_wconf 89' lang='lat' dir='ltr'>hic</span> <span class='ocrx_word' id='word_1_360' title='bbox 2355 3582 2648 3635; x_wconf 78' lang='lat' dir='ltr'>obscuritas</span> 
     </span>
     <span class='ocr_line' id='line_1_68' title="bbox 1623 3659 2649 3733; baseline -0.003 -17"><span class='ocrx_word' id='word_1_361' title='bbox 1623 3674 1892 3716; x_wconf 83' lang='lat' dir='ltr'>contracta</span> <span class='ocrx_word' id='word_1_362' title='bbox 1952 3674 2050 3714; x_wconf 87' lang='lat' dir='ltr'>est.</span> <span class='ocrx_word' id='word_1_363' title='bbox 2105 3660 2228 3713; x_wconf 79' lang='lat' dir='ltr'>Meo</span> <span class='ocrx_word' id='word_1_364' title='bbox 2277 3661 2442 3733; x_wconf 77' lang='lat' dir='ltr'>igitur</span> <span class='ocrx_word' id='word_1_365' title='bbox 2487 3659 2649 3732; x_wconf 75' lang='lat' dir='ltr'>ipsius</span> 
     </span>
     <span class='ocr_line' id='line_1_69' title="bbox 1624 3738 2652 3815; baseline -0.003 -19"><span class='ocrx_word' id='word_1_366' title='bbox 1624 3742 1859 3815; x_wconf 86' lang='lat' dir='ltr'>periculo</span> <span class='ocrx_word' id='word_1_367' title='bbox 1873 3780 1890 3805; x_wconf 88' lang='lat'>,</span> <span class='ocrx_word' id='word_1_368' title='bbox 1913 3744 2292 3813; x_wconf 73' lang='grc' dir='ltr'><strong>αἰσχροσεμνίαν</strong></span> <span class='ocrx_word' id='word_1_369' title='bbox 2312 3738 2620 3793; x_wconf 81' lang='lat' dir='ltr'>emendabis</span> <span class='ocrx_word' id='word_1_370' title='bbox 2635 3780 2652 3805; x_wconf 90' lang='lat'>,</span> 
     </span>
     <span class='ocr_line' id='line_1_70' title="bbox 1629 3817 2650 3891; baseline -0.005 -16"><span class='ocrx_word' id='word_1_371' title='bbox 1629 3822 1734 3875; x_wconf 88' lang='lat' dir='ltr'>hoc</span> <span class='ocrx_word' id='word_1_372' title='bbox 1781 3834 1859 3875; x_wconf 83' lang='lat' dir='ltr'>est</span> <span class='ocrx_word' id='word_1_373' title='bbox 1877 3860 1894 3884; x_wconf 93' lang='lat'>‚</span> <span class='ocrx_word' id='word_1_374' title='bbox 1939 3819 2190 3891; x_wconf 87' lang='lat' dir='ltr'>pudicam</span> <span class='ocrx_word' id='word_1_375' title='bbox 2246 3817 2650 3890; x_wconf 85' lang='lat' dir='ltr'>turpitudinem.</span> 
     </span>
     <span class='ocr_line' id='line_1_71' title="bbox 1631 3896 2652 3972; baseline -0.002 -19"><span class='ocrx_word' id='word_1_376' title='bbox 1631 3898 2027 3972; x_wconf 78' lang='lat' dir='ltr'>compositione</span> <span class='ocrx_word' id='word_1_377' title='bbox 2058 3918 2184 3951; x_wconf 84' lang='lat' dir='ltr'>sane</span> <span class='ocrx_word' id='word_1_378' title='bbox 2216 3896 2394 3969; x_wconf 81' lang='lat' dir='ltr'>lepida</span> <span class='ocrx_word' id='word_1_379' title='bbox 2421 3896 2652 3951; x_wconf 81' lang='lat' dir='ltr'>erudita·</span> 
     </span>
     <span class='ocr_line' id='line_1_72' title="bbox 1633 3978 2652 4051; baseline -0.005 -18"><span class='ocrx_word' id='word_1_380' title='bbox 1633 4000 1767 4051; x_wconf 86' lang='lat' dir='ltr'>que,</span> <span class='ocrx_word' id='word_1_381' title='bbox 1805 3998 1902 4032; x_wconf 90' lang='lat' dir='ltr'>nec</span> <span class='ocrx_word' id='word_1_382' title='bbox 1948 3979 2016 4033; x_wconf 87' lang='lat' dir='ltr'>ab</span> <span class='ocrx_word' id='word_1_383' title='bbox 2061 3998 2125 4031; x_wconf 87' lang='lat' dir='ltr'>eo</span> <span class='ocrx_word' id='word_1_384' title='bbox 2167 3992 2374 4031; x_wconf 83' lang='lat' dir='ltr'>remota</span> <span class='ocrx_word' id='word_1_385' title='bbox 2414 3978 2652 4047; x_wconf 84' lang='lat' dir='ltr'>penitus,</span> 
     </span>
     <span class='ocr_line' id='line_1_73' title="bbox 1633 4056 2652 4133; baseline -0.005 -21"><span class='ocrx_word' id='word_1_386' title='bbox 1633 4062 1777 4133; x_wconf 85' lang='lat' dir='ltr'>quod</span> <span class='ocrx_word' id='word_1_387' title='bbox 1797 4059 1996 4113; x_wconf 77' lang='lat' dir='ltr'>Gellius</span> <span class='ocrx_word' id='word_1_388' title='bbox 2018 4058 2162 4113; x_wconf 85' lang='lat' dir='ltr'>hunc</span> <span class='ocrx_word' id='word_1_389' title='bbox 2188 4074 2405 4129; x_wconf 87' lang='lat' dir='ltr'>quoque</span> <span class='ocrx_word' id='word_1_390' title='bbox 2425 4056 2652 4109; x_wconf 80' lang='lat' dir='ltr'>Vulcani</span> 
     </span>
    </p>
   </div>
  </div>
 </body>
</html>
