2964 4690
494 362 633 436 326
807 368 938 432 DE
993 365 1253 433 ALIIS
1308 364 1954 433 AENIGMATUM
2004 366 2293 433 AUCT.

491 497 871 576 hamensis,
914 494 1039 560 sub
1066 496 1253 559 initio
1287 496 1500 559 soeculi
1538 496 1697 559 VIII
1737 497 1943 559 clarus
1963 543 1980 575 ,
2024 496 2138 583 qui
2165 492 2614 583 AEnigmntum

488 602 727 665 librum
764 601 1025 687 reliquit
1067 598 1341 664 millenis
1381 600 1673 665 versibus
1711 600 1843 687 (1),
1879 600 1944 663 in
1979 599 2408 681 Tetrasticha,
2443 598 2619 665 Pen-

490 707 755 771 tasticha
774 755 794 791 ,
833 702 1213 771 Hexasticha
1236 755 1253 781 ‚
1300 706 1582 792 septenis
1617 706 1943 786 versibus,
1975 706 2230 769 octonis
2249 752 2268 785 ,
2307 705 2580 771 novenis
2599 752 2620 785 ‚

491 812 675 877 denis
714 828 781 875 et
815 811 1110 901 pluribus
1154 810 1620 898 comprehensa
1641 861 1660 892 ,
1699 810 1997 876 divisum.
2035 810 2229 875 Liber
2263 810 2404 889 ejus
2447 811 2622 874 notis

492 920 845 984 illustratus
864 940 981 1006 per
996 916 1352 981 Mat-tinum
1368 915 1584 979 Delrio
1597 916 1840 1004 prodiit
1861 916 2165 1005 Mogunt.
2201 912 2388 997 1601,
2413 916 2546 979 iri-1
2561 938 2624 995 2,

492 1025 803 1113 repetitus
846 1048 881 1087 a
926 1023 1069 1089 Nic.
1112 1025 1447 1086 Reusnero
1491 1023 1560 1085 in
1601 1020 2275 1111 AEnigmatographia,
2319 1022 2622 1087 Francos.

503 1132 667 1195 1602
688 1179 707 1211 ,
752 1152 897 1220 pag.
941 1132 1092 1210 204,
1130 1128 1282 1193 item
1318 1128 1386 1191 in
1423 1127 1818 1192 Bibliotheca
1859 1126 2124 1191 Petrum
2157 1126 2432 1191 maxima
2467 1124 2626 1191 edit.

492 1235 795 1325 Lugdun.
842 1236 1005 1322 1677
1028 1281 1047 1316 ,
1084 1249 1269 1299 tomo
1308 1234 1492 1297 XIII.
1531 1231 1838 1312 Ejusdem
1879 1231 2197 1299 Aldhelmi
2237 1234 2628 1319 Quoestiones

492 1346 897 1427 oemgmatum
956 1338 1300 1401 Rhetoricae
1343 1342 1502 1401 artis
1555 1336 1666 1401 MS
1715 1337 1940 1424 Lipsiae
1991 1337 2060 1400 in
2113 1336 2414 1401 Biblioth.
2467 1338 2630 1401 Am-

490 1446 762 1534 plissimi
800 1447 1071 1509 Senatus
1112 1460 1357 1509 exstare
1399 1459 1672 1507 testatur
1705 1443 1758 1506 J.
1791 1445 1864 1507 A.
1887 1442 2220 1508 Fabricius
2238 1492 2255 1519 ,
2291 1442 2454 1508 Bibl.
2488 1442 2626 1507 Lat.

495 1568 653 1615 tom.
702 1551 839 1630 111,
886 1574 1030 1639 pag.
1085 1550 1252 1636 257,
1306 1548 1461 1613 edit.
1511 1548 1765 1613 Ernest.
1823 1549 2156 1632 Quoniam
2205 1547 2630 1629 Aldhelmus,

496 1656 910 1743 symposium
948 1678 1016 1718 se
1052 1655 1375 1719 imitatum
1412 1675 1590 1733 esse,
1637 1654 1776 1740 ipse
1810 1652 2156 1741 profitetur
2197 1653 2266 1716 in
2302 1652 2630 1740 Prologo,

497 1761 651 1823 hinc
687 1758 1053 1847 AEnigmata
1104 1762 1240 1840 ejus
1289 1758 1588 1847 pluribus
1623 1758 1692 1821 in
1726 1757 2061 1821 codicibus
2092 1756 2254 1821 MSS
2285 1756 2634 1845 Symposio

496 1866 797 1946 adjuncta
846 1866 1279 1954 reperiuntur.
1331 1865 1619 1929 Pithoeus
1671 1881 1884 1928 tamen
1935 1862 2221 1929 editione
2261 1862 2458 1952 digna
2491 1884 2632 1927 non

496 1973 745 2061 putavit
786 1972 955 2059 (vid.
990 1972 1283 2052 Testim.)
1306 2019 1323 2051 ‚
1358 1970 1538 2058 quod
1571 1970 1832 2058 quidem
1873 1969 2050 2033 dolet
2081 1972 2265 2058 Casp.
2295 1967 2632 2049 Barthius,

496 2075 915 2141 Aldhelmum
966 2096 1179 2162 neque
1234 2076 1514 2139 lectione
1541 2124 1559 2156 ,
1609 2098 1824 2163 neque
1869 2074 2244 2139 recensione
2285 2072 2634 2163 indignum

494 2182 790 2262 judicans
810 2230 829 2263 ,
872 2180 1212 2247 Adversar.
1262 2182 1471 2245 LVIII
1497 2232 1517 2263 ,
1579 2206 1634 2245 1.
1685 2183 1826 2271 Ego
1885 2204 2039 2247 vero
2087 2180 2442 2268 quominus
2499 2202 2634 2243 una

502 2288 757 2352 ederem
784 2336 803 2369 ‚
838 2309 1045 2376 quum
1082 2310 1184 2352 me
1220 2287 1409 2377 longa
1445 2303 1512 2352 et
1546 2289 1808 2376 copiosa
1839 2288 2254 2378 aenigmatum
2287 2285 2482 2350 series
2515 2283 2634 2349 de·

502 2394 733 2457 terruit
752 2443 770 2475 ,
803 2416 945 2481 quae
990 2415 1295 2482 superare
1338 2393 1537 2472 hujus
1581 2393 1930 2457 voluminis
1967 2391 2238 2457 modum
2272 2389 2634 2472 videbatur,

505 2516 646 2563 tum
682 2496 1040 2578 Aldhelmi‚
1086 2521 1221 2562 non
1264 2497 1464 2564 modo
1506 2498 1762 2563 mendis
1803 2499 2012 2562 obsita
2051 2497 2386 2587 plurimis,
2421 2495 2536 2561 sed
2567 2513 2640 2560 et

506 2604 669 2668 dura
692 2605 760 2666 in
784 2626 854 2666 se
876 2603 1313 2691 impeditaque
1342 2603 1550 2666 oratio
1569 2649 1588 2682 ,
1615 2627 1652 2668 a
1673 2603 1993 2691 Symposii
2021 2603 2330 2668 suavitate
2351 2601 2636 2666 multum

510 2725 799 2788 remota,
847 2730 991 2794 quae
1018 2757 1037 2788 ,
1079 2709 1229 2787 jure
1270 2708 1573 2783 verebar,
1645 2729 1729 2769 ne
1787 2725 1854 2770 et
1914 2707 2078 2771 mihi
2121 2706 2522 2773 emaculandi
2571 2723 2642 2773 et

510 2812 871 2900 explicandi
914 2813 1193 2876 nimium
1234 2811 1522 2876 laborem
1544 2859 1563 2892 ,
1595 2826 1664 2874 et
1691 2811 2042 2875 lectoribus
2077 2812 2235 2876 meis
2268 2835 2498 2899 pamm
2527 2814 2638 2892 ju·-

510 2916 855 2982 cunditatis
886 2916 1181 2980 adferret.
1203 2915 1446 2980 Eadem
1482 2918 1616 2980 fere
1647 2914 1967 2980 Aldhelmi
2001 2932 2184 2981 oetate
2226 2917 2634 2998 Tathwinus,

512 3023 1047 3112 Archiepiscopus
1106 3022 1484 3086 Cantici-um
1509 3069 1527 3102 ,
1592 3021 1706 3109 qui
1769 3044 1874 3086 an.
1939 3021 2068 3108 734
2127 3022 2294 3086 obiit
2319 3071 2340 3105 ,
2397 3022 2640 3087 librum

512 3128 959 3216 AEnigmatum
988 3127 1273 3214 scripsit,
1298 3126 1633 3190 laudatum
1653 3149 1692 3190 a
1713 3129 1811 3192 Jo.
1835 3127 2041 3191 Balaeo
2057 3174 2076 3209 ,
2095 3127 2327 3215 Script.
2350 3128 2640 3194 Britanni.

520 3235 786 3298 Centur.
826 3233 927 3314 11,
979 3254 1121 3320 pag.
1162 3232 1271 3318 98.
1313 3231 1532 3296 Alium
1555 3279 1574 3308 ‚
1605 3255 1742 3296 non
1789 3232 1996 3296 multo
2042 3231 2361 3297 inferioris
2395 3234 2596 3298 aetatis
2620 3282 2639 3316 ,

526 3339 833 3402 Thomam
862 3338 1157 3403 nominat
1192 3336 1562 3427 Sigebertus
1583 3338 2101 3418 Gemblacensi5‚
2129 3338 2212 3402 de
2244 3339 2476 3427 Script.
2511 3339 2642 3402 Ec-

516 3443 663 3508 cles,
702 3465 838 3530 cap.
886 3443 1043 3525 133,
1089 3464 1285 3530 quem
1328 3441 1486 3506 dicit
1527 3441 1611 3508 ad
1643 3443 2024 3508 Hilduinum
2063 3442 2404 3508 dominum
2443 3465 2642 3508 suum

518 3547 843 3636 scripsisse
886 3548 1127 3612 librum
1174 3547 1620 3638 AEnigmatum
1641 3596 1659 3629 ,
1708 3549 1972 3614 brevem
2015 3549 2319 3636 quidem,
2354 3548 2470 3613 sed
2501 3550 2644 3637 ple-

518 3673 681 3718 num
721 3651 999 3716 veritatis
1043 3669 1111 3718 et
1142 3653 1488 3742 elegantiae.
1525 3653 1904 3740 Egebat-tus,
1951 3653 2090 3734 vel,
2137 3669 2215 3718 ut
2258 3654 2402 3734 alii,
2431 3653 2646 3720 Ecke-

588 3837 668 3902 (1)
702 3831 862 3897 Quod
890 3832 999 3904 ipse
1024 3845 1243 3888 testatur
1268 3836 1325 3888 in
1352 3836 1576 3905 prologo
1593 3877 1610 3903 ,
1647 3850 1701 3890 ct
1722 3834 2023 3908 Sigebertus
2039 3834 2250 3888 Gembl.
2278 3834 2380 3888 Sed
2404 3834 2462 3887 in
2497 3852 2648 3888 snm-

522 3939 661 3972 mam
694 3919 945 3974 collectos
972 3938 1151 3974 versus
1176 3925 1290 3995 ejus
1318 3923 1477 3978 hodie
1519 3943 1629 3979 non
1674 3925 1772 3978 nisi
1811 3925 1914 3995 755
1948 3923 2191 3991 efficere,
2227 3922 2469 3994 adeoque
2503 3923 2650 3976 inte·

522 4027 675 4081 grum
712 4027 847 4081 opus
890 4028 999 4062 non
1036 4011 1262 4083 amplius
1304 4031 1604 4085 superesse,
1649 4015 1852 4070 notavit
1893 4013 2154 4086 Leyserus
2205 4013 2264 4065 in
2309 4011 2444 4065 nist.
2495 4025 2645 4083 poet.

524 4098 666 4150 med.
700 4099 815 4162 evi,
844 4117 895 4170 p.
926 4116 1041 4152 τοο.
