<?xml version="1.0" encoding="UTF-8"?>
<!DOCTYPE html PUBLIC "-//W3C//DTD XHTML 1.0 Transitional//EN"
    "http://www.w3.org/TR/xhtml1/DTD/xhtml1-transitional.dtd">
<html xmlns="http://www.w3.org/1999/xhtml" xml:lang="en" lang="en">
 <head>
  <title>
</title>
<meta http-equiv="Content-Type" content="text/html;charset=utf-8" />
  <meta name='ocr-system' content='tesseract 3.04.00' />
  <meta name='ocr-capabilities' content='ocr_page ocr_carea ocr_par ocr_line ocrx_word'/>
</head>
<body>
  <div class='ocr_page' id='page_1' title='image "./poetaelatinimin02unkngoog_0352.png"; bbox 0 0 2964 4690; ppageno 0'>
   <div class='ocr_carea' id='block_1_1' title="bbox 652 410 2434 500">
    <p class='ocr_par' dir='ltr' id='par_1_1' title="bbox 652 410 2434 500">
     <span class='ocr_line' id='line_1_1' title="bbox 652 410 2434 500; baseline 0.003 -19"><span class='ocrx_word' id='word_1_1' title='bbox 652 410 1287 484; x_wconf 85' lang='lat' dir='ltr'><strong>TESTIMONIA</strong></span> <span class='ocrx_word' id='word_1_2' title='bbox 1334 410 1900 483; x_wconf 86' lang='lat' dir='ltr'>AUCTORUM</span> <span class='ocrx_word' id='word_1_3' title='bbox 1919 462 1940 496; x_wconf 92' lang='lat'>‚</span> <span class='ocrx_word' id='word_1_4' title='bbox 1989 422 2114 481; x_wconf 86' lang='lat' dir='ltr'><strong>etc.</strong></span> <span class='ocrx_word' id='word_1_5' title='bbox 2295 414 2434 500; x_wconf 76' lang='lat'><strong>343</strong></span> 
     </span>
    </p>
   </div>
   <div class='ocr_carea' id='block_1_2' title="bbox 406 542 2444 1054">
    <p class='ocr_par' dir='ltr' id='par_1_2' title="bbox 406 542 2444 1054">
     <span class='ocr_line' id='line_1_2' title="bbox 406 542 2444 631; baseline 0.002 -22"><span class='ocrx_word' id='word_1_6' title='bbox 406 542 661 613; x_wconf 85' lang='lat' dir='ltr'><strong>Theod.</strong></span> <span class='ocrx_word' id='word_1_7' title='bbox 694 545 1029 626; x_wconf 74' lang='lat' dir='ltr'><strong>Hasaeum,</strong></span> <span class='ocrx_word' id='word_1_8' title='bbox 1064 559 1143 612; x_wconf 87' lang='lat' dir='ltr'><strong>ut</strong></span> <span class='ocrx_word' id='word_1_9' title='bbox 1174 566 1255 611; x_wconf 81' lang='lat' dir='ltr'><strong>ex</strong></span> <span class='ocrx_word' id='word_1_10' title='bbox 1284 542 1488 631; x_wconf 82' lang='lat' dir='ltr'><strong>ipsius</strong></span> <span class='ocrx_word' id='word_1_11' title='bbox 1526 542 1726 609; x_wconf 79' lang='lat' dir='ltr'><strong>literis</strong></span> <span class='ocrx_word' id='word_1_12' title='bbox 1767 560 1983 609; x_wconf 76' lang='lat' dir='ltr'><strong>narrat</strong></span> <span class='ocrx_word' id='word_1_13' title='bbox 2013 546 2444 614; x_wconf 75' lang='lat' dir='ltr'><strong>Heumannus</strong></span> 
     </span>
     <span class='ocr_line' id='line_1_3' title="bbox 409 647 2442 738; baseline 0.001 -23"><span class='ocrx_word' id='word_1_14' title='bbox 409 651 453 715; x_wconf 86' lang='lat' dir='ltr'><strong>l.</strong></span> <span class='ocrx_word' id='word_1_15' title='bbox 486 672 544 717; x_wconf 86' lang='lat' dir='ltr'><strong>e.</strong></span> <span class='ocrx_word' id='word_1_16' title='bbox 591 647 904 717; x_wconf 75' lang='lat' dir='ltr'><strong>Eamdem</strong></span> <span class='ocrx_word' id='word_1_17' title='bbox 943 648 1377 717; x_wconf 78' lang='lat' dir='ltr'><strong>narrationem</strong></span> <span class='ocrx_word' id='word_1_18' title='bbox 1422 649 1706 714; x_wconf 84' lang='lat' dir='ltr'><strong>multum</strong></span> <span class='ocrx_word' id='word_1_19' title='bbox 1733 648 1818 713; x_wconf 84' lang='lat' dir='ltr'><strong>ab</strong></span> <span class='ocrx_word' id='word_1_20' title='bbox 1849 649 2172 738; x_wconf 74' lang='lat' dir='ltr'><strong>impressis</strong></span> <span class='ocrx_word' id='word_1_21' title='bbox 2206 650 2442 718; x_wconf 85' lang='lat' dir='ltr'><strong>discre-</strong></span> 
     </span>
     <span class='ocr_line' id='line_1_4' title="bbox 408 752 2441 842; baseline 0.001 -20"><span class='ocrx_word' id='word_1_22' title='bbox 408 770 669 842; x_wconf 82' lang='lat' dir='ltr'><strong>pantem</strong></span> <span class='ocrx_word' id='word_1_23' title='bbox 712 754 831 829; x_wconf 67' lang='lat' dir='ltr'><strong>MS,</strong></span> <span class='ocrx_word' id='word_1_24' title='bbox 876 754 1107 821; x_wconf 74' lang='lat' dir='ltr'><strong>habuit</strong></span> <span class='ocrx_word' id='word_1_25' title='bbox 1138 752 1522 819; x_wconf 85' lang='lat' dir='ltr'><strong>Theodorus</strong></span> <span class='ocrx_word' id='word_1_26' title='bbox 1555 752 1902 837; x_wconf 78' lang='lat' dir='ltr'><strong>canterus,</strong></span> <span class='ocrx_word' id='word_1_27' title='bbox 1933 770 2010 819; x_wconf 87' lang='lat' dir='ltr'><strong>ut</strong></span> <span class='ocrx_word' id='word_1_28' title='bbox 2043 772 2312 829; x_wconf 76' lang='lat' dir='ltr'><strong>testatus</strong></span> <span class='ocrx_word' id='word_1_29' title='bbox 2342 775 2441 823; x_wconf 81' lang='lat' dir='ltr'><strong>est</strong></span> 
     </span>
     <span class='ocr_line' id='line_1_5' title="bbox 409 858 2442 943; baseline 0.003 -20"><span class='ocrx_word' id='word_1_30' title='bbox 409 861 477 923; x_wconf 89' lang='lat' dir='ltr'><strong>in</strong></span> <span class='ocrx_word' id='word_1_31' title='bbox 510 860 709 927; x_wconf 85' lang='lat' dir='ltr'><strong>literis</strong></span> <span class='ocrx_word' id='word_1_32' title='bbox 754 859 837 925; x_wconf 75' lang='lat' dir='ltr'><strong>ad</strong></span> <span class='ocrx_word' id='word_1_33' title='bbox 879 858 1274 941; x_wconf 80' lang='lat' dir='ltr'><strong>Meursium3</strong></span> <span class='ocrx_word' id='word_1_34' title='bbox 1318 874 1584 925; x_wconf 80' lang='lat' dir='ltr'><strong>notante</strong></span> <span class='ocrx_word' id='word_1_35' title='bbox 1625 859 1956 943; x_wconf 81' lang='lat' dir='ltr'><strong>Fabricio,</strong></span> <span class='ocrx_word' id='word_1_36' title='bbox 1994 861 2062 926; x_wconf 87' lang='lat' dir='ltr'><strong>in</strong></span> <span class='ocrx_word' id='word_1_37' title='bbox 2101 861 2324 929; x_wconf 85' lang='lat' dir='ltr'><strong>Indice</strong></span> <span class='ocrx_word' id='word_1_38' title='bbox 2358 864 2442 929; x_wconf 79' lang='lat' dir='ltr'><strong>ed</strong></span> 
     </span>
     <span class='ocr_line' id='line_1_6' title="bbox 408 963 1241 1054; baseline 0 -25"><span class='ocrx_word' id='word_1_39' title='bbox 408 964 568 1033; x_wconf 85' lang='lat' dir='ltr'><strong>Bihl.</strong></span> <span class='ocrx_word' id='word_1_40' title='bbox 601 966 735 1033; x_wconf 80' lang='lat' dir='ltr'><strong>Lat.</strong></span> <span class='ocrx_word' id='word_1_41' title='bbox 766 988 828 1030; x_wconf 83' lang='lat' dir='ltr'><strong>v.</strong></span> <span class='ocrx_word' id='word_1_42' title='bbox 860 963 1241 1054; x_wconf 65' lang='lat' dir='ltr'><strong>Synqposius.</strong></span> 
     </span>
    </p>
   </div>
   <div class='ocr_carea' id='block_1_3' title="bbox 316 1188 2439 1369">
    <p class='ocr_par' dir='ltr' id='par_1_3' title="bbox 316 1188 2439 1369">
     <span class='ocr_line' id='line_1_7' title="bbox 316 1188 2439 1279; baseline 0.002 -26"><span class='ocrx_word' id='word_1_43' title='bbox 316 1192 397 1255; x_wconf 82' lang='lat' dir='ltr'><strong>V.</strong></span> <span class='ocrx_word' id='word_1_44' title='bbox 435 1190 725 1263; x_wconf 81' lang='lat' dir='ltr'>JOACH.</span> <span class='ocrx_word' id='word_1_45' title='bbox 760 1190 1217 1259; x_wconf 77' lang='lat' dir='ltr'><strong>PERIONIUS</strong></span> <span class='ocrx_word' id='word_1_46' title='bbox 1245 1192 1316 1255; x_wconf 87' lang='lat' dir='ltr'><strong>in</strong></span> <span class='ocrx_word' id='word_1_47' title='bbox 1350 1188 1728 1261; x_wconf 79' lang='lat' dir='ltr'><strong>Praefatione</strong></span> <span class='ocrx_word' id='word_1_48' title='bbox 1754 1189 1837 1258; x_wconf 81' lang='lat' dir='ltr'><strong>ad</strong></span> <span class='ocrx_word' id='word_1_49' title='bbox 1867 1189 2327 1279; x_wconf 71' lang='lat' dir='ltr'><strong>symphosium</strong></span> <span class='ocrx_word' id='word_1_50' title='bbox 2354 1193 2439 1257; x_wconf 82' lang='lat' dir='ltr'><strong>ab</strong></span> 
     </span>
     <span class='ocr_line' id='line_1_8' title="bbox 1196 1295 1570 1369; baseline -0.003 -8"><span class='ocrx_word' id='word_1_51' title='bbox 1196 1317 1266 1361; x_wconf 86' lang='lat' dir='ltr'><strong>se</strong></span> <span class='ocrx_word' id='word_1_52' title='bbox 1300 1295 1570 1369; x_wconf 80' lang='lat' dir='ltr'><strong>editum.</strong></span> 
     </span>
    </p>
   </div>
   <div class='ocr_carea' id='block_1_4' title="bbox 310 1477 2449 3149">
    <p class='ocr_par' dir='ltr' id='par_1_4' title="bbox 310 1477 2449 3149">
     <span class='ocr_line' id='line_1_9' title="bbox 403 1477 2438 1571; baseline 0.002 -28"><span class='ocrx_word' id='word_1_53' title='bbox 403 1477 613 1545; x_wconf 85' lang='lat' dir='ltr'><strong>Incidi</strong></span> <span class='ocrx_word' id='word_1_54' title='bbox 658 1480 727 1549; x_wconf 78' lang='lat' dir='ltr'><strong>in</strong></span> <span class='ocrx_word' id='word_1_55' title='bbox 778 1480 1149 1569; x_wconf 73' lang='lat' dir='ltr'><strong>symphosii</strong></span> <span class='ocrx_word' id='word_1_56' title='bbox 1192 1479 1530 1561; x_wconf 76' lang='lat' dir='ltr'><strong>cuiusdam</strong></span> <span class='ocrx_word' id='word_1_57' title='bbox 1569 1480 1902 1571; x_wconf 74' lang='lat' dir='ltr'><strong>aenigmata</strong></span> <span class='ocrx_word' id='word_1_58' title='bbox 1921 1528 1940 1563; x_wconf 91' lang='lat'>,</span> <span class='ocrx_word' id='word_1_59' title='bbox 1985 1504 2132 1570; x_wconf 78' lang='lat' dir='ltr'><strong>quae</strong></span> <span class='ocrx_word' id='word_1_60' title='bbox 2164 1499 2323 1548; x_wconf 84' lang='lat' dir='ltr'><strong>sunt</strong></span> <span class='ocrx_word' id='word_1_61' title='bbox 2354 1483 2438 1549; x_wconf 83' lang='lat' dir='ltr'><strong>ab</strong></span> 
     </span>
     <span class='ocr_line' id='line_1_10' title="bbox 314 1582 2440 1677; baseline 0.003 -32"><span class='ocrx_word' id='word_1_62' title='bbox 314 1584 427 1646; x_wconf 88' lang='lat' dir='ltr'><strong>illo</strong></span> <span class='ocrx_word' id='word_1_63' title='bbox 457 1582 709 1672; x_wconf 83' lang='lat' dir='ltr'><strong>singula</strong></span> <span class='ocrx_word' id='word_1_64' title='bbox 740 1585 940 1649; x_wconf 89' lang='lat' dir='ltr'><strong>ternis</strong></span> <span class='ocrx_word' id='word_1_65' title='bbox 966 1583 1257 1649; x_wconf 80' lang='lat' dir='ltr'><strong>versibus</strong></span> <span class='ocrx_word' id='word_1_66' title='bbox 1284 1585 1791 1675; x_wconf 86' lang='lat' dir='ltr'><strong>comprehensa:</strong></span> <span class='ocrx_word' id='word_1_67' title='bbox 1820 1608 2104 1673; x_wconf 87' lang='lat' dir='ltr'><strong>quorum</strong></span> <span class='ocrx_word' id='word_1_68' title='bbox 2127 1608 2246 1677; x_wconf 84' lang='lat' dir='ltr'><strong>ego</strong></span> <span class='ocrx_word' id='word_1_69' title='bbox 2273 1586 2440 1652; x_wconf 83' lang='lat' dir='ltr'><strong>adeo</strong></span> 
     </span>
     <span class='ocr_line' id='line_1_11' title="bbox 313 1688 2444 1780; baseline 0.002 -27"><span class='ocrx_word' id='word_1_70' title='bbox 313 1711 461 1753; x_wconf 85' lang='lat' dir='ltr'><strong>sum</strong></span> <span class='ocrx_word' id='word_1_71' title='bbox 492 1688 769 1769; x_wconf 76' lang='lat' dir='ltr'><strong>lectione</strong></span> <span class='ocrx_word' id='word_1_72' title='bbox 800 1688 1151 1759; x_wconf 78' lang='lat' dir='ltr'><strong>delectatus</strong></span> <span class='ocrx_word' id='word_1_73' title='bbox 1174 1736 1193 1771; x_wconf 85' lang='lat'>,</span> <span class='ocrx_word' id='word_1_74' title='bbox 1221 1710 1355 1756; x_wconf 90' lang='lat' dir='ltr'><strong>non</strong></span> <span class='ocrx_word' id='word_1_75' title='bbox 1388 1706 1520 1754; x_wconf 85' lang='lat' dir='ltr'><strong>tam</strong></span> <span class='ocrx_word' id='word_1_76' title='bbox 1547 1689 1728 1777; x_wconf 87' lang='lat' dir='ltr'><strong>quod</strong></span> <span class='ocrx_word' id='word_1_77' title='bbox 1757 1712 1954 1757; x_wconf 88' lang='lat' dir='ltr'><strong>nemo</strong></span> <span class='ocrx_word' id='word_1_78' title='bbox 1983 1712 2208 1755; x_wconf 88' lang='lat' dir='ltr'><strong>eorum</strong></span> <span class='ocrx_word' id='word_1_79' title='bbox 2227 1739 2244 1773; x_wconf 92' lang='lat'>‚</span> <span class='ocrx_word' id='word_1_80' title='bbox 2271 1714 2444 1780; x_wconf 74' lang='lat' dir='ltr'><strong>quos</strong></span> 
     </span>
     <span class='ocr_line' id='line_1_12' title="bbox 312 1793 2439 1885; baseline 0.002 -28"><span class='ocrx_word' id='word_1_81' title='bbox 312 1793 629 1859; x_wconf 76' lang='lat' dir='ltr'><strong>habemus</strong></span> <span class='ocrx_word' id='word_1_82' title='bbox 649 1842 668 1876; x_wconf 87' lang='lat'>,</span> <span class='ocrx_word' id='word_1_83' title='bbox 714 1794 783 1857; x_wconf 88' lang='lat' dir='ltr'><strong>in</strong></span> <span class='ocrx_word' id='word_1_84' title='bbox 825 1795 953 1858; x_wconf 90' lang='lat' dir='ltr'><strong>hoc</strong></span> <span class='ocrx_word' id='word_1_85' title='bbox 990 1816 1225 1883; x_wconf 79' lang='lat' dir='ltr'><strong>genere</strong></span> <span class='ocrx_word' id='word_1_86' title='bbox 1267 1794 1509 1882; x_wconf 78' lang='lat' dir='ltr'><strong>stylum</strong></span> <span class='ocrx_word' id='word_1_87' title='bbox 1555 1796 1943 1860; x_wconf 83' lang='lat' dir='ltr'><strong>exercuisset</strong></span> <span class='ocrx_word' id='word_1_88' title='bbox 1963 1843 1982 1877; x_wconf 87' lang='lat'>,</span> <span class='ocrx_word' id='word_1_89' title='bbox 2021 1818 2216 1882; x_wconf 82' lang='lat' dir='ltr'><strong>quam</strong></span> <span class='ocrx_word' id='word_1_90' title='bbox 2257 1797 2439 1885; x_wconf 88' lang='lat' dir='ltr'><strong>quod</strong></span> 
     </span>
     <span class='ocr_line' id='line_1_13' title="bbox 310 1897 2442 1989; baseline 0.003 -28"><span class='ocrx_word' id='word_1_91' title='bbox 310 1922 539 1963; x_wconf 78' lang='lat' dir='ltr'><strong>versus</strong></span> <span class='ocrx_word' id='word_1_92' title='bbox 582 1900 705 1988; x_wconf 87' lang='lat' dir='ltr'><strong>ipsi</strong></span> <span class='ocrx_word' id='word_1_93' title='bbox 746 1915 812 1962; x_wconf 89' lang='lat' dir='ltr'><strong>et</strong></span> <span class='ocrx_word' id='word_1_94' title='bbox 851 1897 1046 1986; x_wconf 89' lang='lat' dir='ltr'><strong>lepidi</strong></span> <span class='ocrx_word' id='word_1_95' title='bbox 1087 1914 1302 1962; x_wconf 83' lang='lat' dir='ltr'><strong>essent</strong></span> <span class='ocrx_word' id='word_1_96' title='bbox 1320 1945 1339 1979; x_wconf 89' lang='lat'>,</span> <span class='ocrx_word' id='word_1_97' title='bbox 1388 1916 1455 1961; x_wconf 88' lang='lat' dir='ltr'><strong>et</strong></span> <span class='ocrx_word' id='word_1_98' title='bbox 1501 1900 1752 1986; x_wconf 82' lang='lat' dir='ltr'><strong>arguti:</strong></span> <span class='ocrx_word' id='word_1_99' title='bbox 1789 1916 1868 1961; x_wconf 87' lang='lat' dir='ltr'><strong>ut</strong></span> <span class='ocrx_word' id='word_1_100' title='bbox 1897 1900 2267 1989; x_wconf 81' lang='lat' dir='ltr'><strong>Symphosii</strong></span> <span class='ocrx_word' id='word_1_101' title='bbox 2303 1924 2442 1967; x_wconf 83' lang='lat' dir='ltr'><strong>rne-</strong></span> 
     </span>
     <span class='ocr_line' id='line_1_14' title="bbox 312 2002 2437 2085; baseline 0.002 -16"><span class='ocrx_word' id='word_1_102' title='bbox 312 2006 587 2069; x_wconf 79' lang='lat' dir='ltr'><strong>moriam</strong></span> <span class='ocrx_word' id='word_1_103' title='bbox 620 2020 685 2067; x_wconf 89' lang='lat' dir='ltr'><strong>et</strong></span> <span class='ocrx_word' id='word_1_104' title='bbox 721 2002 980 2069; x_wconf 82' lang='lat' dir='ltr'><strong>laudem</strong></span> <span class='ocrx_word' id='word_1_105' title='bbox 1012 2003 1094 2067; x_wconf 85' lang='lat' dir='ltr'><strong>ab</strong></span> <span class='ocrx_word' id='word_1_106' title='bbox 1124 2002 1451 2067; x_wconf 82' lang='lat' dir='ltr'><strong>oblivione</strong></span> <span class='ocrx_word' id='word_1_107' title='bbox 1486 2003 1832 2067; x_wconf 86' lang='lat' dir='ltr'><strong>hominum</strong></span> <span class='ocrx_word' id='word_1_108' title='bbox 1871 2026 1910 2066; x_wconf 85' lang='lat' dir='ltr'>a</span> <span class='ocrx_word' id='word_1_109' title='bbox 1946 2027 2052 2068; x_wconf 89' lang='lat' dir='ltr'><strong>me</strong></span> <span class='ocrx_word' id='word_1_110' title='bbox 2082 2005 2437 2085; x_wconf 82' lang='lat' dir='ltr'><strong>judicarem</strong></span> 
     </span>
     <span class='ocr_line' id='line_1_15' title="bbox 310 2109 2442 2198; baseline 0.003 -27"><span class='ocrx_word' id='word_1_111' title='bbox 310 2110 623 2175; x_wconf 82' lang='lat' dir='ltr'><strong>vindicari</strong></span> <span class='ocrx_word' id='word_1_112' title='bbox 662 2125 1052 2198; x_wconf 87' lang='lat' dir='ltr'><strong>oportere...·.</strong></span> <span class='ocrx_word' id='word_1_113' title='bbox 1086 2110 1185 2174; x_wconf 92' lang='lat' dir='ltr'><strong>De</strong></span> <span class='ocrx_word' id='word_1_114' title='bbox 1222 2112 1505 2196; x_wconf 83' lang='lat' dir='ltr'><strong>puritate</strong></span> <span class='ocrx_word' id='word_1_115' title='bbox 1545 2109 1810 2196; x_wconf 87' lang='lat' dir='ltr'><strong>quidem</strong></span> <span class='ocrx_word' id='word_1_116' title='bbox 1847 2110 2056 2174; x_wconf 86' lang='lat' dir='ltr'><strong>Latini</strong></span> <span class='ocrx_word' id='word_1_117' title='bbox 2089 2114 2442 2195; x_wconf 84' lang='lat' dir='ltr'><strong>sermonis,</strong></span> 
     </span>
     <span class='ocr_line' id='line_1_16' title="bbox 312 2214 2441 2306; baseline 0.002 -26"><span class='ocrx_word' id='word_1_118' title='bbox 312 2238 465 2280; x_wconf 88' lang='lat' dir='ltr'><strong>cum</strong></span> <span class='ocrx_word' id='word_1_119' title='bbox 515 2216 593 2280; x_wconf 82' lang='lat' dir='ltr'><strong>iis</strong></span> <span class='ocrx_word' id='word_1_120' title='bbox 613 2264 633 2297; x_wconf 87' lang='lat'>‚</span> <span class='ocrx_word' id='word_1_121' title='bbox 680 2216 793 2303; x_wconf 88' lang='lat' dir='ltr'><strong>qui</strong></span> <span class='ocrx_word' id='word_1_122' title='bbox 838 2237 1031 2303; x_wconf 85' lang='lat' dir='ltr'><strong>supra</strong></span> <span class='ocrx_word' id='word_1_123' title='bbox 1078 2214 1252 2277; x_wconf 85' lang='lat' dir='ltr'><strong>mille</strong></span> <span class='ocrx_word' id='word_1_124' title='bbox 1301 2236 1508 2283; x_wconf 86' lang='lat' dir='ltr'><strong>annos</strong></span> <span class='ocrx_word' id='word_1_125' title='bbox 1555 2214 1951 2303; x_wconf 85' lang='lat' dir='ltr'><strong>scripserunt</strong></span> <span class='ocrx_word' id='word_1_126' title='bbox 2000 2214 2267 2306; x_wconf 83' lang='lat' dir='ltr'><strong>(excipe</strong></span> <span class='ocrx_word' id='word_1_127' title='bbox 2294 2240 2404 2285; x_wconf 84' lang='lat' dir='ltr'><strong>eos</strong></span> <span class='ocrx_word' id='word_1_128' title='bbox 2423 2268 2441 2301; x_wconf 88' lang='lat'>‚</span> 
     </span>
     <span class='ocr_line' id='line_1_17' title="bbox 312 2322 2447 2413; baseline 0.001 -26"><span class='ocrx_word' id='word_1_129' title='bbox 312 2324 425 2410; x_wconf 88' lang='lat' dir='ltr'><strong>qui</strong></span> <span class='ocrx_word' id='word_1_130' title='bbox 460 2338 683 2388; x_wconf 86' lang='lat' dir='ltr'><strong>nostra</strong></span> <span class='ocrx_word' id='word_1_131' title='bbox 714 2337 781 2386; x_wconf 87' lang='lat' dir='ltr'><strong>et</strong></span> <span class='ocrx_word' id='word_1_132' title='bbox 812 2337 1073 2410; x_wconf 83' lang='lat' dir='ltr'><strong>patrum</strong></span> <span class='ocrx_word' id='word_1_133' title='bbox 1106 2336 1481 2384; x_wconf 87' lang='lat' dir='ltr'><strong>nostrorum</strong></span> <span class='ocrx_word' id='word_1_134' title='bbox 1513 2322 1823 2386; x_wconf 86' lang='lat' dir='ltr'><strong>memoria</strong></span> <span class='ocrx_word' id='word_1_135' title='bbox 1861 2322 2325 2413; x_wconf 87' lang='lat' dir='ltr'><strong>exstiterunt),</strong></span> <span class='ocrx_word' id='word_1_136' title='bbox 2354 2324 2447 2390; x_wconf 82' lang='lat' dir='ltr'><strong>fa·</strong></span> 
     </span>
     <span class='ocr_line' id='line_1_18' title="bbox 312 2429 2440 2523; baseline -0.004 -28"><span class='ocrx_word' id='word_1_137' title='bbox 312 2432 430 2496; x_wconf 90' lang='lat' dir='ltr'><strong>cile</strong></span> <span class='ocrx_word' id='word_1_138' title='bbox 458 2429 885 2498; x_wconf 87' lang='lat' dir='ltr'><strong>contenderit.</strong></span> <span class='ocrx_word' id='word_1_139' title='bbox 922 2430 1151 2495; x_wconf 84' lang='lat' dir='ltr'><strong>Paucis</strong></span> <span class='ocrx_word' id='word_1_140' title='bbox 1194 2451 1349 2492; x_wconf 82' lang='lat' dir='ltr'><strong>vero</strong></span> <span class='ocrx_word' id='word_1_141' title='bbox 1392 2429 1810 2518; x_wconf 84' lang='lat' dir='ltr'><strong>antiquorum</strong></span> <span class='ocrx_word' id='word_1_142' title='bbox 1839 2429 2118 2523; x_wconf 79' lang='lat' dir='ltr'><strong>palmam</strong></span> <span class='ocrx_word' id='word_1_143' title='bbox 2154 2449 2304 2522; x_wconf 83' lang='lat' dir='ltr'><strong>apte</strong></span> <span class='ocrx_word' id='word_1_144' title='bbox 2338 2432 2440 2499; x_wconf 78' lang='lat' dir='ltr'><strong>di.</strong></span> 
     </span>
     <span class='ocr_line' id='line_1_19' title="bbox 312 2535 2442 2627; baseline 0.001 -27"><span class='ocrx_word' id='word_1_145' title='bbox 312 2537 501 2601; x_wconf 89' lang='lat' dir='ltr'><strong>cendi</strong></span> <span class='ocrx_word' id='word_1_146' title='bbox 534 2537 926 2602; x_wconf 84' lang='lat' dir='ltr'><strong>concesserit</strong></span> <span class='ocrx_word' id='word_1_147' title='bbox 945 2583 963 2618; x_wconf 90' lang='lat'>,</span> <span class='ocrx_word' id='word_1_148' title='bbox 1004 2551 1079 2599; x_wconf 87' lang='lat' dir='ltr'><strong>ut</strong></span> <span class='ocrx_word' id='word_1_149' title='bbox 1119 2536 1234 2624; x_wconf 88' lang='lat' dir='ltr'><strong>qui</strong></span> <span class='ocrx_word' id='word_1_150' title='bbox 1278 2557 1379 2598; x_wconf 87' lang='lat' dir='ltr'><strong>res</strong></span> <span class='ocrx_word' id='word_1_151' title='bbox 1419 2535 1906 2601; x_wconf 83' lang='lat' dir='ltr'><strong>obscurissimas</strong></span> <span class='ocrx_word' id='word_1_152' title='bbox 1951 2553 2174 2602; x_wconf 86' lang='lat' dir='ltr'><strong>tractet</strong></span> <span class='ocrx_word' id='word_1_153' title='bbox 2204 2539 2442 2627; x_wconf 83' lang='lat' dir='ltr'><strong>planis-</strong></span> 
     </span>
     <span class='ocr_line' id='line_1_20' title="bbox 314 2639 2438 2759; baseline 0 -52"><span class='ocrx_word' id='word_1_154' title='bbox 314 2644 511 2722; x_wconf 86' lang='lat' dir='ltr'><strong>sime,</strong></span> <span class='ocrx_word' id='word_1_155' title='bbox 542 2643 615 2705; x_wconf 88' lang='lat' dir='ltr'><strong>in</strong></span> <span class='ocrx_word' id='word_1_156' title='bbox 658 2664 791 2729; x_wconf 85' lang='lat' dir='ltr'><strong>quo</strong></span> <span class='ocrx_word' id='word_1_157' title='bbox 828 2641 925 2705; x_wconf 82' lang='lat' dir='ltr'><strong>vis</strong></span> <span class='ocrx_word' id='word_1_158' title='bbox 964 2640 1211 2730; x_wconf 85' lang='lat' dir='ltr'><strong>ingenii</strong></span> <span class='ocrx_word' id='word_1_159' title='bbox 1252 2639 1526 2728; x_wconf 90' lang='lat' dir='ltr'><strong>perspici</strong></span> <span class='ocrx_word' id='word_1_160' title='bbox 1566 2653 1782 2759; x_wconf 86' lang='lat' dir='ltr'><strong>potest</strong></span> <span class='ocrx_word' id='word_1_161' title='bbox 1817 2641 1919 2704; x_wconf 83' lang='lat' dir='ltr'><strong>vel</strong></span> <span class='ocrx_word' id='word_1_162' title='bbox 1960 2643 2252 2706; x_wconf 82' lang='lat' dir='ltr'><strong>maxima.</strong></span> <span class='ocrx_word' id='word_1_163' title='bbox 2299 2645 2438 2708; x_wconf 85' lang='lat' dir='ltr'><strong>Jam</strong></span> 
     </span>
     <span class='ocr_line' id='line_1_21' title="bbox 310 2745 2442 2836; baseline -0.001 -20"><span class='ocrx_word' id='word_1_164' title='bbox 310 2771 463 2816; x_wconf 78' lang='lat' dir='ltr'><strong>vero</strong></span> <span class='ocrx_word' id='word_1_165' title='bbox 498 2770 721 2816; x_wconf 83' lang='lat' dir='ltr'><strong>rerum</strong></span> <span class='ocrx_word' id='word_1_166' title='bbox 757 2769 1013 2828; x_wconf 80' lang='lat' dir='ltr'><strong>earum,</strong></span> <span class='ocrx_word' id='word_1_167' title='bbox 1045 2769 1206 2833; x_wconf 77' lang='lat' dir='ltr'><strong>quas</strong></span> <span class='ocrx_word' id='word_1_168' title='bbox 1242 2760 1503 2827; x_wconf 81' lang='lat' dir='ltr'><strong>tractat,</strong></span> <span class='ocrx_word' id='word_1_169' title='bbox 1539 2745 1670 2810; x_wconf 82' lang='lat' dir='ltr'><strong>vim</strong></span> <span class='ocrx_word' id='word_1_170' title='bbox 1697 2767 1848 2814; x_wconf 88' lang='lat' dir='ltr'><strong>eum</strong></span> <span class='ocrx_word' id='word_1_171' title='bbox 1874 2762 1940 2811; x_wconf 90' lang='lat' dir='ltr'><strong>et</strong></span> <span class='ocrx_word' id='word_1_172' title='bbox 1966 2763 2226 2816; x_wconf 77' lang='lat' dir='ltr'><strong>naturas</strong></span> <span class='ocrx_word' id='word_1_173' title='bbox 2249 2749 2442 2836; x_wconf 81' lang='lat' dir='ltr'><strong>plane</strong></span> 
     </span>
     <span class='ocr_line' id='line_1_22' title="bbox 314 2853 2449 2945; baseline -0.001 -23"><span class='ocrx_word' id='word_1_174' title='bbox 314 2857 629 2934; x_wconf 77' lang='lat' dir='ltr'><strong>tenuisse,</strong></span> <span class='ocrx_word' id='word_1_175' title='bbox 670 2857 773 2921; x_wconf 77' lang='lat' dir='ltr'><strong>vel</strong></span> <span class='ocrx_word' id='word_1_176' title='bbox 814 2879 893 2922; x_wconf 85' lang='lat' dir='ltr'><strong>ex</strong></span> <span class='ocrx_word' id='word_1_177' title='bbox 934 2855 1065 2920; x_wconf 88' lang='lat' dir='ltr'><strong>hoc</strong></span> <span class='ocrx_word' id='word_1_178' title='bbox 1110 2853 1379 2942; x_wconf 81' lang='lat' dir='ltr'><strong>intelligi</strong></span> <span class='ocrx_word' id='word_1_179' title='bbox 1428 2869 1680 2942; x_wconf 86' lang='lat' dir='ltr'><strong>potest,</strong></span> <span class='ocrx_word' id='word_1_180' title='bbox 1731 2854 1912 2942; x_wconf 89' lang='lat' dir='ltr'><strong>quod</strong></span> <span class='ocrx_word' id='word_1_181' title='bbox 1957 2871 2162 2920; x_wconf 78' lang='lat' dir='ltr'><strong>artem</strong></span> <span class='ocrx_word' id='word_1_182' title='bbox 2208 2877 2449 2945; x_wconf 73' lang='lat' dir='ltr'><strong>magna</strong></span> 
     </span>
     <span class='ocr_line' id='line_1_23' title="bbox 312 2959 2440 3052; baseline -0 -25"><span class='ocrx_word' id='word_1_183' title='bbox 312 2985 389 3027; x_wconf 86' lang='lat' dir='ltr'><strong>ex</strong></span> <span class='ocrx_word' id='word_1_184' title='bbox 424 2978 604 3052; x_wconf 81' lang='lat' dir='ltr'><strong>parte</strong></span> <span class='ocrx_word' id='word_1_185' title='bbox 644 2963 715 3026; x_wconf 91' lang='lat' dir='ltr'><strong>in</strong></span> <span class='ocrx_word' id='word_1_186' title='bbox 740 2961 923 3041; x_wconf 82' lang='lat' dir='ltr'><strong>jocos</strong></span> <span class='ocrx_word' id='word_1_187' title='bbox 944 3008 964 3041; x_wconf 87' lang='lat'>‚</span> <span class='ocrx_word' id='word_1_188' title='bbox 1002 2961 1171 3028; x_wconf 78' lang='lat' dir='ltr'><strong>risus</strong></span> <span class='ocrx_word' id='word_1_189' title='bbox 1202 2975 1272 3026; x_wconf 87' lang='lat' dir='ltr'><strong>et</strong></span> <span class='ocrx_word' id='word_1_190' title='bbox 1304 2960 1465 3026; x_wconf 83' lang='lat' dir='ltr'><strong>sales</strong></span> <span class='ocrx_word' id='word_1_191' title='bbox 1501 2959 1858 3042; x_wconf 87' lang='lat' dir='ltr'><strong>contulit,</strong></span> <span class='ocrx_word' id='word_1_192' title='bbox 1839 2983 1908 3024; x_wconf 87' lang='grc' dir='ltr'><strong>ιιι</strong></span> <span class='ocrx_word' id='word_1_193' title='bbox 1940 2960 2178 3049; x_wconf 74' lang='lat' dir='ltr'><strong>quibus</strong></span> <span class='ocrx_word' id='word_1_194' title='bbox 2213 2962 2440 3049; x_wconf 76' lang='lat' dir='ltr'><strong>peritia</strong></span> 
     </span>
     <span class='ocr_line' id='line_1_24' title="bbox 310 3067 1025 3149; baseline 0 -17"><span class='ocrx_word' id='word_1_195' title='bbox 310 3069 447 3134; x_wconf 80' lang='lat' dir='ltr'><strong>sola</strong></span> <span class='ocrx_word' id='word_1_196' title='bbox 478 3067 873 3149; x_wconf 85' lang='lat' dir='ltr'><strong>dominatur,</strong></span> <span class='ocrx_word' id='word_1_197' title='bbox 902 3083 1025 3132; x_wconf 85' lang='lat' dir='ltr'><strong>etc.</strong></span> 
     </span>
    </p>
   </div>
   <div class='ocr_carea' id='block_1_5' title="bbox 312 3285 2441 3375">
    <p class='ocr_par' dir='ltr' id='par_1_5' title="bbox 312 3285 2441 3375">
     <span class='ocr_line' id='line_1_25' title="bbox 312 3285 2441 3375; baseline 0 -26"><span class='ocrx_word' id='word_1_198' title='bbox 312 3289 421 3353; x_wconf 88' lang='lat' dir='ltr'><strong>VI.</strong></span> <span class='ocrx_word' id='word_1_199' title='bbox 458 3287 875 3354; x_wconf 85' lang='lat' dir='ltr'>JOSEPHUS</span> <span class='ocrx_word' id='word_1_200' title='bbox 910 3285 1330 3352; x_wconf 85' lang='lat' dir='ltr'>CASTALIO</span> <span class='ocrx_word' id='word_1_201' title='bbox 1365 3287 1433 3349; x_wconf 91' lang='lat' dir='ltr'><strong>in</strong></span> <span class='ocrx_word' id='word_1_202' title='bbox 1468 3285 1875 3350; x_wconf 79' lang='lat' dir='ltr'><strong>dedicatione</strong></span> <span class='ocrx_word' id='word_1_203' title='bbox 1907 3286 2224 3375; x_wconf 82' lang='lat' dir='ltr'><strong>Symposii</strong></span> <span class='ocrx_word' id='word_1_204' title='bbox 2247 3334 2265 3368; x_wconf 89' lang='lat'>‚</span> <span class='ocrx_word' id='word_1_205' title='bbox 2302 3286 2441 3352; x_wconf 89' lang='lat' dir='ltr'><strong>edi-</strong></span> 
     </span>
    </p>
   </div>
   <div class='ocr_carea' id='block_1_6' title="bbox 851 3390 1889 3478">
    <p class='ocr_par' dir='ltr' id='par_1_6' title="bbox 851 3390 1889 3478">
     <span class='ocr_line' id='line_1_26' title="bbox 851 3390 1889 3478; baseline -0.001 -24"><span class='ocrx_word' id='word_1_206' title='bbox 851 3391 1046 3455; x_wconf 87' lang='lat' dir='ltr'><strong>tionis</strong></span> <span class='ocrx_word' id='word_1_207' title='bbox 1077 3390 1409 3473; x_wconf 82' lang='lat' dir='ltr'><strong>secundae,</strong></span> <span class='ocrx_word' id='word_1_208' title='bbox 1442 3392 1662 3455; x_wconf 83' lang='lat' dir='ltr'><strong>Romae</strong></span> <span class='ocrx_word' id='word_1_209' title='bbox 1705 3392 1889 3478; x_wconf 86' lang='lat'>1607.</span> 
     </span>
    </p>
   </div>
   <div class='ocr_carea' id='block_1_7' title="bbox 312 3576 2443 4192">
    <p class='ocr_par' dir='ltr' id='par_1_7' title="bbox 312 3576 2443 4192">
     <span class='ocr_line' id='line_1_27' title="bbox 402 3576 2440 3664; baseline -0.004 -15"><span class='ocrx_word' id='word_1_210' title='bbox 402 3587 613 3649; x_wconf 90' lang='lat' dir='ltr'><strong>Nemo</strong></span> <span class='ocrx_word' id='word_1_211' title='bbox 650 3584 777 3648; x_wconf 80' lang='lat' dir='ltr'><strong>fuit</strong></span> <span class='ocrx_word' id='word_1_212' title='bbox 811 3583 1131 3645; x_wconf 80' lang='lat' dir='ltr'><strong>bonarum</strong></span> <span class='ocrx_word' id='word_1_213' title='bbox 1163 3581 1398 3645; x_wconf 84' lang='lat' dir='ltr'><strong>artium</strong></span> <span class='ocrx_word' id='word_1_214' title='bbox 1437 3578 1766 3643; x_wconf 79' lang='lat' dir='ltr'><strong>studiosus</strong></span> <span class='ocrx_word' id='word_1_215' title='bbox 1787 3627 1806 3660; x_wconf 88' lang='lat'>‚</span> <span class='ocrx_word' id='word_1_216' title='bbox 1842 3578 2108 3664; x_wconf 85' lang='lat' dir='ltr'><strong>quicum</strong></span> <span class='ocrx_word' id='word_1_217' title='bbox 2148 3576 2311 3641; x_wconf 83' lang='lat' dir='ltr'><strong>mihi</strong></span> <span class='ocrx_word' id='word_1_218' title='bbox 2347 3578 2440 3640; x_wconf 83' lang='lat' dir='ltr'><strong>fa-</strong></span> 
     </span>
     <span class='ocr_line' id='line_1_28' title="bbox 314 3683 2443 3775; baseline -0.004 -20"><span class='ocrx_word' id='word_1_219' title='bbox 314 3691 641 3756; x_wconf 82' lang='lat' dir='ltr'><strong>miliaritas</strong></span> <span class='ocrx_word' id='word_1_220' title='bbox 673 3705 874 3768; x_wconf 85' lang='lat' dir='ltr'><strong>esset,</strong></span> <span class='ocrx_word' id='word_1_221' title='bbox 907 3688 1066 3775; x_wconf 88' lang='lat' dir='ltr'><strong>quin</strong></span> <span class='ocrx_word' id='word_1_222' title='bbox 1100 3702 1421 3767; x_wconf 83' lang='lat' dir='ltr'><strong>censeret,</strong></span> <span class='ocrx_word' id='word_1_223' title='bbox 1454 3684 1777 3773; x_wconf 81' lang='lat' dir='ltr'><strong>Symposii</strong></span> <span class='ocrx_word' id='word_1_224' title='bbox 1811 3683 2146 3772; x_wconf 72' lang='lat' dir='ltr'><strong>aenigmata</strong></span> <span class='ocrx_word' id='word_1_225' title='bbox 2175 3697 2443 3771; x_wconf 86' lang='lat' dir='ltr'><strong>propter</strong></span> 
     </span>
     <span class='ocr_line' id='line_1_29' title="bbox 312 3787 2440 3882; baseline -0.005 -21"><span class='ocrx_word' id='word_1_226' title='bbox 312 3797 689 3862; x_wconf 78' lang='lat' dir='ltr'><strong>suavitatem</strong></span> <span class='ocrx_word' id='word_1_227' title='bbox 716 3809 784 3857; x_wconf 91' lang='lat' dir='ltr'><strong>et</strong></span> <span class='ocrx_word' id='word_1_228' title='bbox 810 3791 1241 3859; x_wconf 85' lang='lat' dir='ltr'><strong>eruditionem</strong></span> <span class='ocrx_word' id='word_1_229' title='bbox 1272 3790 1465 3882; x_wconf 83' lang='lat' dir='ltr'><strong>digna</strong></span> <span class='ocrx_word' id='word_1_230' title='bbox 1498 3812 1636 3854; x_wconf 88' lang='lat' dir='ltr'><strong>esse</strong></span> <span class='ocrx_word' id='word_1_231' title='bbox 1657 3839 1675 3873; x_wconf 88' lang='lat'>,</span> <span class='ocrx_word' id='word_1_232' title='bbox 1712 3812 1856 3877; x_wconf 80' lang='lat' dir='ltr'><strong>quae</strong></span> <span class='ocrx_word' id='word_1_233' title='bbox 1886 3789 1967 3852; x_wconf 86' lang='lat' dir='ltr'><strong>ab</strong></span> <span class='ocrx_word' id='word_1_234' title='bbox 2007 3788 2313 3852; x_wconf 81' lang='lat' dir='ltr'><strong>omnibus</strong></span> <span class='ocrx_word' id='word_1_235' title='bbox 2347 3787 2440 3850; x_wconf 92' lang='lat' dir='ltr'><strong>le-</strong></span> 
     </span>
     <span class='ocr_line' id='line_1_30' title="bbox 314 3891 2440 3992; baseline -0.005 -27"><span class='ocrx_word' id='word_1_236' title='bbox 314 3917 639 3992; x_wconf 86' lang='lat' dir='ltr'><strong>gerentur.</strong></span> <span class='ocrx_word' id='word_1_237' title='bbox 667 3899 861 3963; x_wconf 87' lang='lat' dir='ltr'><strong>Mitto</strong></span> <span class='ocrx_word' id='word_1_238' title='bbox 883 3946 901 3980; x_wconf 89' lang='lat'>,</span> <span class='ocrx_word' id='word_1_239' title='bbox 935 3897 1117 3986; x_wconf 87' lang='lat' dir='ltr'><strong>quod</strong></span> <span class='ocrx_word' id='word_1_240' title='bbox 1143 3898 1224 3961; x_wconf 84' lang='lat' dir='ltr'><strong>ad</strong></span> <span class='ocrx_word' id='word_1_241' title='bbox 1252 3896 1556 3962; x_wconf 84' lang='lat' dir='ltr'><strong>alendum</strong></span> <span class='ocrx_word' id='word_1_242' title='bbox 1586 3918 1838 3959; x_wconf 85' lang='lat' dir='ltr'><strong>summa</strong></span> <span class='ocrx_word' id='word_1_243' title='bbox 1865 3916 2016 3958; x_wconf 90' lang='lat' dir='ltr'><strong>cum</strong></span> <span class='ocrx_word' id='word_1_244' title='bbox 2036 3891 2440 3973; x_wconf 81' lang='lat' dir='ltr'><strong>jucunditate</strong></span> 
     </span>
     <span class='ocr_line' id='line_1_31' title="bbox 314 4001 2442 4091; baseline -0.006 -20"><span class='ocrx_word' id='word_1_245' title='bbox 314 4004 893 4091; x_wconf 77' lang='lat' dir='ltr'><strong>exacuendumque</strong></span> <span class='ocrx_word' id='word_1_246' title='bbox 922 4003 1255 4091; x_wconf 86' lang='lat' dir='ltr'><strong>ingenium</strong></span> <span class='ocrx_word' id='word_1_247' title='bbox 1284 4024 1514 4066; x_wconf 85' lang='lat' dir='ltr'><strong>eorum</strong></span> <span class='ocrx_word' id='word_1_248' title='bbox 1541 4047 1558 4080; x_wconf 94' lang='lat'>,</span> <span class='ocrx_word' id='word_1_249' title='bbox 1599 4001 1712 4090; x_wconf 85' lang='lat' dir='ltr'><strong>qui</strong></span> <span class='ocrx_word' id='word_1_250' title='bbox 1749 4001 2052 4070; x_wconf 77' lang='lat' dir='ltr'><strong>Latinum</strong></span> <span class='ocrx_word' id='word_1_251' title='bbox 2075 4017 2442 4062; x_wconf 85' lang='lat' dir='ltr'><strong>sermonem</strong></span> 
     </span>
     <span class='ocr_line' id='line_1_32' title="bbox 317 4099 2442 4192; baseline -0.006 -17"><span class='ocrx_word' id='word_1_252' title='bbox 317 4111 613 4192; x_wconf 81' lang='lat' dir='ltr'><strong>discunt,</strong></span> <span class='ocrx_word' id='word_1_253' title='bbox 652 4110 789 4173; x_wconf 90' lang='lat' dir='ltr'><strong>sine</strong></span> <span class='ocrx_word' id='word_1_254' title='bbox 828 4109 957 4172; x_wconf 86' lang='lat' dir='ltr'><strong>ulla</strong></span> <span class='ocrx_word' id='word_1_255' title='bbox 1002 4131 1219 4172; x_wconf 87' lang='lat' dir='ltr'><strong>rerum</strong></span> <span class='ocrx_word' id='word_1_256' title='bbox 1260 4123 1373 4171; x_wconf 84' lang='lat' dir='ltr'><strong>aut</strong></span> <span class='ocrx_word' id='word_1_257' title='bbox 1411 4106 1762 4171; x_wconf 82' lang='lat' dir='ltr'><strong>verborum</strong></span> <span class='ocrx_word' id='word_1_258' title='bbox 1801 4104 2226 4178; x_wconf 78' lang='lat' dir='ltr'><strong>obscenitate,</strong></span> <span class='ocrx_word' id='word_1_259' title='bbox 2279 4099 2442 4164; x_wconf 88' lang='lat' dir='ltr'><strong>nihil</strong></span> 
     </span>
    </p>
   </div>
   <div class='ocr_carea' id='block_1_8' title="bbox 2935 3351 2941 3957">
    <p class='ocr_par' dir='ltr' id='par_1_8' title="bbox 2935 3351 2941 3957">
     <span class='ocr_line' id='line_1_33' title="bbox 2935 3351 2941 3957; baseline 0 0"><span class='ocrx_word' id='word_1_260' title='bbox 2935 3351 2941 3957; x_wconf 95' lang='lat' dir='ltr'><strong> </strong></span> 
     </span>
    </p>
   </div>
  </div>
 </body>
</html>
