2964 4690
1133 469 1520 536 MEDEA.
2243 459 2370 532 501

387 637 1077 656 ...............
1104 590 1467 658 Nostrasne
1505 585 1784 654 evadere
1822 584 2091 652 demens

370 695 659 790 Sperasti
695 709 761 763 te
796 719 987 790 posse
1022 699 1302 767 manus?
1339 712 1499 793 opta
1534 696 1740 767 ardua
1775 695 2010 789 pennis

371 809 569 876 Astra
604 806 821 900 sequi,
856 805 1284 902 clausumque
1318 833 1477 877 cava
1515 822 1580 876 te
1616 805 1901 876 condere
1935 819 2148 888 terra,

372 920 461 987 Et
492 917 733 986 famam
764 916 1095 1012 exstingui
1127 933 1421 988 veterum
1454 919 1550 988 sic
1581 941 1772 1012 posse
1807 914 2162 986 malorum

376 1030 533 1096 Haec
565 1027 669 1094 via
706 1025 865 1095 sola·
879 1026 1047 1116 fuit,
1080 1027 1222 1097 haec
1252 1053 1375 1098 nos
1405 1051 1711 1123 suprema
1743 1025 2088 1110 manebat,
2309 1046 2386 1092 ωε

374 1136 609 1205 Exitiis
639 1136 935 1230 positura
964 1137 1262 1206 modum.

378 1249 498 1316 Sat
522 1245 673 1314 fatis
698 1248 1089 1340 Venerique·
1082 1247 1331 1316 datum
1361 1262 1496 1332 θεῖς
1524 1246 1703 1316 feror
1730 1243 1961 1315 exsul
1946 1270 2014 1312 m
2043 1243 2250 1313 altum
2269 1297 2287 1329 ,

377 1358 787 1425 Germanum
824 1356 1121 1450 fugiens,
1151 1373 1218 1426 et
1246 1383 1381 1428 non
1416 1355 1630 1428 felicia
1666 1353 1828 1442 tela,
1953 1355 1960 1366 ’

378 1463 577 1535 Ultra
604 1467 763 1534 anni
792 1465 1081 1562 solisque.
1114 1469 1249 1538 vias
1284 1496 1300 1538 ε
1337 1468 1499 1563 quid
1535 1467 1818 1561 denique
1850 1461 2094 1533 restat?

380 1579 469 1646 Et
494 1575 805 1670 longum,
838 1576 1157 1664 formose,
1188 1576 1362 1665 vale,
1395 1593 1462 1647 et
1497 1577 1792 1671 quisquis
1821 1598 2082 1644 amores
2318 1591 2396 1636 4⁶0

282 1777 573 1839 repetatur3
593 1785 751 1840 quem
775 1770 945 1840 primo
970 1769 1088 1822 loco
1117 1769 1298 1822 delen-

283 1846 419 1900 dum
440 1864 653 1910 censeo,
691 1858 745 1900 et
769 1847 1042 1919 suppleto'
1028 1868 1081 1900 m
1103 1849 1301 1902 ceteris

286 1927 471 1990 hiatu,
510 1925 691 1978 addito
724 1945 830 1979 uno
867 1927 1099 1981 alterove
1138 1929 1301 1981 hemi·

284 2004 477 2065 stichio
496 2005 803 2076 Virgiliano‚
820 2006 1158 2060 commodum
1179 2009 1305 2061 satis

285 2103 504 2140 sensum
523 2085 784 2136 oriturum
808 2087 1047 2147 arbitror,
1066 2088 1108 2139 si
1126 2088 1302 2139 locum

286 2163 746 2238 corruptissimum
782 2165 932 2218 aliter
966 2167 1301 2230 concinuere,

286 2263 353 2297 ac
374 2260 554 2297 versus
572 2243 809 2315 digerere
826 2245 977 2298 liceat
997 2247 1099 2299 hoc
1119 2244 1299 2298 modo:

287 2323 461 2377 -Sive
498 2323 711 2387 animis,
746 2324 855 2378 sive
894 2337 1005 2381 arte
1044 2326 1220 2389 vales,
1257 2325 1303 2379 si

286 2413 505 2476 pectore
522 2403 688 2455 robur
709 2404 955 2475 Concipis
974 2444 989 2469 ‚
1020 2416 1071 2458 et
1100 2406 1143 2457 si
1172 2404 1305 2457 adeo

287 2484 480 2537 dotalis
506 2481 649 2553 regia
686 2482 833 2535 cordi
864 2496 970 2551 est,
1001 2487 1137 2551 Quo
1160 2500 1303 2535 nunc

286 2560 483 2617 deinde
498 2578 647 2613 mora
668 2561 779 2615 est?
798 2576 1067 2616 nostr-asne
1088 2561 1307 2616 evadere

288 2642 508 2696 demens
544 2639 775 2711 Speranti
808 2654 861 2695 te
899 2661 1054 2715 posse
1086 2646 1305 2695 manus?

288 2731 417 2792 opta
461 2716 629 2771 ardua
671 2720 859 2790 pennis
904 2722 1055 2773 Astra
1115 2720 1263 2793 sequi
1288 2758 1305 2783 ,

290 2802 641 2869 clausumque
667 2816 795 2851 cava
818 2809 871 2850 te
889 2800 1118 2853 condere
1136 2810 1273 2852 terra
1291 2836 1307 2863 ,

292 2880 367 2931 Et
410 2879 605 2931 famam
652 2877 906 2949 exstingui
952 2892 1187 2933 veterum
1234 2878 1311 2933 sic

294 2976 453 3031 posse
494 2956 751 3010 malorum
764 2984 805 3011 a.
860 2958 1097 3012 Primum
1142 2958 1312 3012 hemi·

296 3036 547 3092 stichium
572 3048 649 3089 est
676 3054 741 3089 ex
776 3036 868 3089 lib.
892 3037 999 3089 ΧΠ
1019 3080 1035 3103 ,
1062 3040 1162 3106 89²
1186 3076 1201 3102 ,
1220 3038 1317 3090 ubi

297 3131 416 3185 opta
442 3120 605 3167 ardua
620 3117 799 3184 pennis
838 3123 989 3169 Aser-a
1010 3120 1149 3183 sequi
1167 3154 1183 3177 ,
1212 3128 1312 3171 etc.

298 3194 712 3265 subsequuntur.
786 3193 903 3248 sed·
946 3194 1316 3266 elegantiorem

300 3273 426 3325 fore
444 3285 720 3327 centonem
742 3291 841 3343 ego
857 3272 1123 3346 judicavi,
1144 3273 1185 3325 si
1208 3272 1321 3327 hoec

300 3353 513 3405 insertis
530 3353 641 3406 aliis
659 3351 1001 3405 hemistichiis
1023 3370 1323 3425 separaren-

304 3444 413 3484 tur.
448 3435 501 3483 Si
518 3446 717 3500 pectore
744 3436 891 3482 robur
918 3434 1131 3500 concipis
1147 3469 1162 3495 ,
1206 3446 1259 3483 et
1282 3434 1326 3481 si

306 3515 439 3561 adeo
464 3514 641 3563 dotalis
664 3548 681 3575 ,
704 3521 801 3563 etc.
824 3511 1071 3581 leguntur
1093 3510 1184 3562 lib.
1210 3510 1285 3561 XI
1306 3548 1321 3574 ,

309 3589 441 3641 368:
464 3608 651 3660 porro,
678 3596 801 3657 Qua·
826 3608 957 3639 nunc
984 3591 1161 3641 deinde
1184 3608 1325 3639 mora

309 3677 423 3719 est?
450 3680 571 3720 suut
598 3686 659 3721 ex
684 3668 775 3719 lib.
798 3668 905 3720 XII
920 3708 937 3735 ,
958 3686 1031 3720 vs.
1054 3670 1174 3735 891.
1196 3668 1329 3719 Reli-

308 3766 419 3818 qua
456 3760 713 3799 nostr-asne
750 3750 955 3799 evadere
991 3751 1189 3798 demens
1217 3752 1331 3813 Spe-

314 3829 442 3876 raseae'
464 3840 511 3876 te
530 3845 674 3892 posse
698 3846 873 3877 manus
892 3826 983 3877 lib.
1010 3826 1087 3877 IX
1102 3865 1117 3891 ‚
1138 3844 1185 3876 v.
1208 3824 1335 3888 5603

316 3920 435 3973 opta
464 3906 627 3954 ardua
650 3906 827 3971 pennis
848 3910 999 3955 Ascra
1022 3907 1163 3972 sequi
1166 3927 1191 3967 ;
1209 3909 1341 3957 clau-

321 4002 526 4047 sumque
566 4002 717 4043 cava,
761 3994 862 4036 etc.
907 3982 996 4035 lib.
1039 3984 1144 4035 XII
1159 4024 1175 4051 ,
1220 3984 1337 4051 893.

328 4062 563 4113 Ultimus
590 4079 770 4113 versus
792 4071 871 4113 est
898 4080 963 4114 ex
988 4060 1191 4127 lib.v1,
1213 4062 1345 4131 527;

330 4140 471 4192 male
498 4150 673 4192 autem
700 4140 755 4191 in
780 4140 931 4193 initio
955 4140 1114 4214 hujus
1128 4140 1232 4193 loci
1248 4145 1353 4193 Siue
1444 4160 1559 4196 mos
1588 4141 1772 4194 mundi
1800 4155 1851 4195 et
1885 4142 2140 4214 temporis
2167 4138 2451 4197 terminos·,

1386 1774 1554 1822 anitno
1563 1749 1804 1840 legitur
1789 1787 1843 1820 m
1871 1762 2077 1820 schedis
2106 1760 2253 1813 MSS.
2275 1763 2397 1810 Ani-

1386 1853 1477 1900 mis
1510 1860 1588 1903 est
1625 1847 1770 1920 apud
1803 1846 1988 1918 virgil.
2029 1844 2096 1897 de
2133 1861 2242 1914 quo
2287 1839 2397 1892 vid.

1388 1929 1548 1982 Anth.
1579 1931 1694 1980 Lat.
1725 1929 1902 1980 Burm.
1929 1926 2026 1978 lib.
2055 1925 2116 1990 1,
2157 1941 2239 1993 ep.
2271 1938 2400 1990 17²·

1384 2028 1459 2062 vs.
1487 2011 1570 2061 16.

1454 2087 1573 2151 455.
1610 2093 1729 2138 Hoee
1759 2088 1850 2138 *υἷα
1877 2088 1985 2136 sola
2006 2085 2142 2152 ficit,
2173 2085 2278 2132 haee
2309 2098 2398 2131 nos

1379 2187 1607 2236 suprema
1657 2168 1886 2216 manebat
1901 2204 1916 2228 ,
1957 2163 2134 2213 Exitiis
2179 2162 2404 2227 positura

1381 2251 1574 2298 modum
1592 2267 1610 2296 .·
1649 2245 1722 2296 ita
1747 2239 2018 2296 emendavi
2055 2258 2123 2292 ex
2147 2240 2239 2291 lib.
2261 2239 2372 2290 vll
2387 2278 2402 2302 ,

1390 2327 1521 2379 128:
1557 2323 1740 2377 vitiose
1767 2323 1818 2375 iu
1847 2321 1964 2375 cod.
1989 2319 2151 2373 Salui.
2173 2321 2280 2371 Itoec
2307 2337 2400 2369 no·

1384 2408 1453 2456 be's
1489 2424 1662 2471 mppr-e
1698 2406 1961 2460 manebam
2007 2400 2060 2451 in
2106 2396 2255 2451 Leid.
2300 2400 2402 2448 boec

1391 2488 1528 2536 nobis
1571 2501 1825 2550 supprema
1873 2482 2116 2532 manebat.
2169 2476 2406 2530 Primum

1390 2562 1783 2617 hemistichium
1803 2567 1921 2611 Hoec
1940 2566 2028 2612 via
2048 2564 2156 2611 sola
2166 2560 2290 2627 ficit,
2315 2555 2408 2608 sed

1392 2642 1567 2695 media
1599 2659 1777 2693 versus
1809 2640 1966 2703 sede,
2006 2639 2198 2709 legitur
2235 2638 2328 2690 lib.
2353 2636 2405 2686 X

1394 2724 1515 2775 AEn.
1535 2722 1655 2790 879.

1468 2801 1587 2869 457.
1622 2804 1710 2850 Sat
1735 2800 1866 2867 fatis
1921 2799 2194 2865 Venerique
2241 2800 2410 2846 dolrem

1398 2894 1486 2932 est.
1512 2877 1735 2931 Faciunt
1769 2878 1859 2929 hic
1897 2874 2100 2930 scheda
2126 2876 2255 2928 MSS
2287 2893 2410 2927 cum

1400 2960 1507 3013 illis
1531 2958 1742 3029 Virgilii
1782 2956 2083 3022 codicibus,
2127 2957 2222 3029 qui
2251 2958 2305 3007 τὸ
2344 2969 2416 3006 est

1403 3038 1492 3092 hic
1523 3036 1758 3100 addunt,
1792 3036 1914 3088 licet
1939 3035 2177 3107 plerique
2213 3052 2274 3087 ex
2307 3052 2416 3087 me·

1406 3118 1654 3180 lioribus,
1708 3128 1837 3169 teste
1889 3115 2104 3168 Heinsio
2123 3152 2138 3176 ,
2194 3112 2249 3166 id
2307 3132 2416 3166 non

1405 3207 1692 3268 agnoscant
1717 3196 1810 3248 lib.
1832 3196 1910 3247 lx
1937 3198 2049 3246 AEn.
2077 3194 2202 3258 135,
2227 3205 2277 3246 et
2299 3194 2420 3248 licet

1406 3276 1461 3327 in
1499 3275 1738 3328 Mediceo
1771 3293 1831 3326 ac
1863 3276 2098 3326 Romano
2125 3272 2308 3326 codice
2333 3274 2423 3326 ha·

1408 3356 1522 3408 beri
1559 3366 1702 3408 notet
1741 3352 1978 3417 Pierius,
2003 3353 2310 3406 concinnius
2347 3365 2422 3405 ta-

1409 3454 1534 3487 men
1575 3447 1785 3497 censet,
1840 3432 1883 3485 si
1943 3431 2110 3493 absit;
2151 3450 2326 3503 neque
2369 3432 2426 3483 id

1410 3514 1604 3584 legitur
1623 3513 1678 3565 in
1703 3510 2182 3564 Amstelaedamensi
2203 3528 2429 3583 meoque

1413 3592 1613 3646 codice.

1489 3671 1607 3740 45’9.
1635 3674 1774 3721 Ultra
1795 3672 1918 3720 anni
1941 3672 2154 3735 solisque
2180 3670 2294 3719 vias
2316 3688 2334 3717 .·
2358 3670 2430 3720 itt

1382 3782 1390 3791 ·
1420 3748 1628 3803 scheda
1646 3746 1794 3799 MSS.
1811 3750 1973 3798 Armis
1991 3746 2044 3799 in
2065 3744 2210 3799 Leid.
2224 3754 2276 3798 ht
2294 3744 2440 3817 apud

1424 3828 1578 3897 Virg.
1613 3828 1732 3878 AEn.
1762 3826 1874 3888 VI,
1913 3842 2015 3895 797
2058 3825 2254 3901 legitur.
2277 3830 2438 3875 Extra

1424 3908 1551 3958 anni
1577 3908 1790 3973 solisque
1810 3909 1924 3956 vias
1941 3944 1956 3970 ,
1990 3904 2149 3957 nullis
2175 3903 2443 3956 codicibus

1429 3985 1538 4039 illio
1594 3984 1734 4038 hanc
1784 3984 2099 4057 scripturam
2163 3982 2444 4035 tuentibus.

1436 4068 1576 4116 Anni
1595 4079 1642 4115 et
1663 4066 1777 4115 solis
1802 4068 1904 4115 vioe
1935 4064 2023 4116 hic
2063 4074 2243 4115 notant
2275 4050 2456 4113 extre-⁹
