2964 4690
477 355 620 442 428

959 357 1474 426 SYMPOSII
1524 356 2137 427 AENlGMATA.

1445 555 1548 624 CI
1591 551 1642 621 ⁴.

575 739 781 806 Ntmc
822 733 987 802 mihi
1025 734 1164 829 jam
1205 732 1472 820 credas,
1518 733 1665 802 fieri
1702 733 1887 831 quod
1922 759 2112 828 posse
2148 747 2449 826 negatur.

573 849 747 916 Octo
792 860 975 922 tenes
1017 845 1360 932 manibus,
1397 843 1513 914 sed
1548 869 1655 913 me
1693 858 2106 914 monstrante
2146 843 2505 938 magistro,

569 954 860 1025 Sublatis
903 968 1154 1048 septem
1194 952 1434 1049 reliqui
1468 955 1592 1024 tibi
1631 980 1747 1056 sex
1784 954 2243 1024 remanebunt.

547 1143 574 1172 *
599 1143 717 1196 Hoc
745 1141 966 1214 enigma
986 1139 1132 1196 deest
1149 1140 1205 1194 in
1226 1139 1351 1194 edit.
1375 1141 1495 1195 Per.

477 1221 736 1276 Ultimum
773 1221 886 1276 sive
926 1219 1270 1284 centesimum
1320 1233 1398 1274 est
1439 1220 1495 1274 in

483 1301 625 1354 Pith.
644 1312 894 1374 quartum
921 1311 973 1352 et
997 1317 1246 1371 nonages.
1271 1299 1330 1355 in
1355 1300 1495 1354 Cast.

478 1393 534 1435 et
549 1397 660 1451 seq.
687 1380 796 1446 Qui
823 1378 1071 1432 exhibent
1087 1415 1102 1442 ,
1125 1378 1272 1432 bunc
1299 1378 1345 1432 ei
1367 1379 1497 1432 titu-

478 1460 592 1513 lum
617 1459 820 1514 faciunt
843 1477 857 1512 τ
881 1463 956 1510 De
984 1462 1114 1510 V111
1129 1473 1188 1510 ut
1209 1461 1356 1510 tollas
1373 1462 1492 1519 711,

480 1555 529 1591 et
562 1544 637 1591 71
660 1553 981 1605 remaneant,
1007 1539 1107 1611 qui.
1127 1537 1310 1592 titulus
1338 1537 1498 1610 plane

481 1617 637 1672 nihili
661 1630 768 1680 est,
784 1617 910 1691 quia
929 1617 1150 1689 enigma
1171 1636 1284 1670 non
1307 1616 1497 1682 solvit,

481 1695 574 1750 sed
599 1698 822 1769 repetit,
839 1696 1081 1770 adeoque
1102 1715 1134 1750 a
1155 1696 1354 1750 ceteris
1373 1697 1499 1750 oni-

480 1788 716 1849 gmatum
727 1776 898 1830 titulis
915 1777 1070 1846 plane
1077 1775 1364 1847 discrepat,
1378 1777 1501 1829 obs-

479 1855 919 1926 curissimamque
941 1873 1052 1912 esse
1083 1855 1328 1912 ostendit.
1358 1855 1498 1908 Heu-

481 1953 706 1996 mannns
751 1947 1031 2005 propterea
1083 1933 1291 1986 nullum
1339 1934 1498 2004 plane

413 2065 418 2072 ,
479 2013 750 2085 adposuit.
777 2013 1076 2087 Heynazius
1113 2031 1315 2068 novum
1344 2032 1375 2067 e
1401 2031 1495 2066 sua

479 2093 842 2164 explanatione
851 2131 874 2156 ,.
905 2111 1064 2166 quam
1094 2090 1342 2163 deinceps
1369 2092 1511 2146 refe-⁵

480 2191 657 2227 remus
674 2173 917 2244 ‚posuin
945 2177 1185 2228 Numam
1213 2175 1497 2224 octonarius

480 2255 739 2322 digitorum
785 2253 1051 2306 ministerio
1099 2271 1376 2320 expressus.
1425 2283 1498 2293 -—

479 2332 744 2399 Quoniam
777 2331 882 2387 boc
913 2329 1135 2403 :enigma
1175 2350 1208 2385 a
1243 2331 1403 2403 genio
1443 2343 1499 2386 et

479 2412 648 2465 forma
676 2424 988 2465 caeterorum
1013 2411 1256 2464 omnium
1281 2412 1499 2485 Sympo-

480 2492 546 2547 sii
575 2490 889 2558 abhorrere,
923 2508 1098 2563 neque
1130 2489 1189 2544 in
1213 2490 1390 2563 aliqua
1417 2491 1497 2543 rei

479 2570 862 2627 deformatione
873 2569 1171 2641 ingeniosa,
1189 2568 1282 2623 sed
1295 2569 1352 2621 in
1371 2569 1496 2623 lusu

478 2651 668 2724 puerili
692 2662 744 2704 et
781 2648 968 2721 putido
1000 2648 1196 2702 versari
1223 2648 1495 2716 videbam3

477 2750 669 2802 parum
695 2730 903 2820 abfuit,K
924 2729 1056 2802 quin
1096 2740 1154 2781 ut
1188 2727 1420 2782 alienum
1443 2738 1497 2780 et

477 2809 754 2884 Symposio
777 2808 1056 2880 indignum
1079 2807 1408 2861 eliminarent
1443 2819 1497 2859 et

479 2890 796 2982 abjticerem;
823 2906 992 2960 quum
1015 2898 1191 2940 tamen
1220 2905 1252 2938 a
1283 2884 1493 2939 duobus

475 2971 808 3041 anigmatum
819 2966 1112 3024 editoribus
1123 2977 1392 3036 receptum
1406 2965 1493 3031 sit,

478 3049 642 3101 malni
675 3046 808 3103 illud
833 3046 901 3103 ad
923 3044 1122 3111 calcem
1152 3045 1490 3115 aenigmatum

475 3128 722 3199 rejicere,
762 3138 812 3180 et
841 3124 995 3198 quasi
1025 3135 1170 3177 extra
1205 3142 1492 3179 numerum

476 3224 689 3277 ponere.
710 3206 958 3259 Rationes
983 3203 1144 3275 hujus
1167 3201 1366 3255 consilii
1385 3220 1494 3255 am-

477 3284 616 3357 plius
645 3284 840 3338 deduxi
873 3284 931 3335 in
967 3282 1246 3337 Prooemio.
1291 3282 1492 3335 Mirum

475 3375 583 3428 est,
609 3364 984 3417 Heumannum
1011 3364 1142 3415 tanti
1171 3374 1382 3433 putasse
1408 3380 1493 3413 ex-

475 3442 836 3516 planationem
868 3442 1078 3496 obscuri
1109 3441 1269 3515 hujus
1295 3452 1348 3494 et
1381 3440 1491 3493 ine·

474 3522 688 3594 ptientis
707 3522 998 3593 anigmatis
1013 3563 1030 3588 ,
1054 3534 1114 3576 ut
1133 3522 1274 3575 viros
1293 3520 1489 3592 passim

370 3628 385 3633 -
476 3600 663 3655 doctos
680 3600 746 3655 ad
765 3600 1221 3673 interpretandum
1251 3600 1382 3653 illud
1408 3620 1493 3654 ex·

477 3680 662 3735 citaret
675 3718 692 3745 ,
719 3680 1095 3752 sententiisque
1131 3700 1315 3735 eorum
1351 3680 1490 3733 refe-

477 3760 654 3813 rendis
668 3760 842 3831 plures
863 3759 1079 3830 paginus
1096 3760 1359 3832 impleret.
1379 3760 1493 3830 Ego

472 3836 830 3911 ponderandis
857 3838 920 3891 iis
945 3837 1490 3909 interpretationibus,

475 3930 566 3971 aut
589 3936 815 3973 numero
835 3934 1016 3971 earum
1035 3916 1280 3989 sugendo
1293 3954 1312 3983 ,
1336 3917 1489 3971 mini-

1580 1161 1666 1196 me
1688 1140 1946 1207 idoneus,
1968 1141 2091 1196 satis
2108 1141 2280 1196 babeo
2292 1160 2455 1214 ,quas
2476 1159 2599 1214 pro-

1578 1221 1853 1276 babileaet
1874 1223 2169 1295 procipuas
2183 1220 2445 1296 judicem,
2466 1220 2603 1276 duas

1580 1301 1665 1354 vel
1700 1312 1831 1365 tres,
1874 1301 1967 1354 hic
2004 1300 2233 1356 breviter
2264 1299 2487 1354 referre.
2530 1301 2601 1352 Et

1580 1381 1936 1434 recentissima
1958 1379 2175 1453 quidem
2196 1379 2457 1454 Heynazii
2482 1380 2599 1434 bac

1582 1471 1661 1513 est
1665 1477 1857 1531 ,quam
1878 1459 2042 1530 ipsius
2060 1460 2233 1512 verbis
2250 1470 2497 1531 repeto:
2468 1459 2601 1512 Ve-

1582 1551 1717 1592 teres
1741 1557 1837 1612 per
1862 1537 2055 1609 digitos
2080 1539 2479 1592 numerabant.
2504 1557 2600 1590 sex

1580 1619 1950 1693 significabant
1970 1618 2216 1672 omnibus
2234 1617 2455 1672 sinistra
2468 1635 2600 1690 pro·

1582 1711 1665 1753 ter
1680 1699 2023 1760 annularem,
2056 1717 2149 1752 scu
2170 1697 2393 1750 minimo
2420 1697 2598 1769 proxi-

1581 1796 1756 1840 mum,
1770 1779 2044 1851 expansis3
2058 1793 2237 1848 septem
2255 1777 2368 1831 solo
2380 1777 2602 1831 minimo

1582 1858 1866 1928 depresso·
1851 1894 1867 1921 ‚
1886 1871 1996 1909 oceo
2014 1855 2264 1928 depresso
2286 1855 2529 1910 annulari
2546 1869 2601 1910 et

1582 1937 1824 2003 minimo,
1848 1955 1943 1992 seu
1968 1936 2269 1990 auriculari.
2292 1935 2348 1989 si
2366 1955 2495 2007 ergo
2513 1953 2603 1988 au-

1581 2017 1865 2070 ricularem
1881 2028 2079 2088 septem
2097 2016 2483 2088 exprimentem
2500 2017 2605 2069 eri·

1582 2097 1805 2167 gebant,
1848 2096 2063 2150 relictus
2113 2109 2193 2149 est
2230 2095 2497 2149 annularis
2522 2094 2601 2148 di-

1582 2175 1722 2247 gitus
1747 2173 2026 2248 depressus
2045 2215 2061 2242 ,
2088 2193 2215 2247 ergo
2240 2191 2494 2227 numerus
2522 2192 2601 2227 se-

1580 2254 1761 2308 narius
1776 2280 1816 2309 ».
1834 2256 2130 2309 Heumann.
2151 2254 2227 2308 sic
2248 2253 2597 2325 intelligebat:

1584 2359 1609 2379 α
1628 2334 1767 2388 Octo
1800 2335 1918 2407 quis
1952 2345 2094 2389 tenet
2126 2333 2373 2407 globulos
2400 2350 2598 2398 manu3

1582 2412 1721 2467 tollit
1740 2414 2123 2487 aliusseptem3
2140 2412 2308 2467 relicti
2326 2424 2481 2465 erunt
2492 2431 2602 2480 sex,

1583 2512 1723 2546 unus
1750 2512 1939 2565 nempe
1963 2492 2239 2566 globulus,
2272 2502 2325 2545 et
2356 2492 2601 2563 quinque

1582 2571 1793 2643 digiti..
1818 2571 1973 2626 Addo
1994 2570 2223 2644 denique
2240 2570 2447 2624 tertiam
2478 2590 2603 2642 quc

1583 2652 1683 2704 suit
1700 2650 1921 2705 Gesneri
1938 2688 1955 2715 ,
1976 2652 2105 2705 item
2126 2648 2343 2703 Kreusii
2361 2650 2417 2701 in
2488 2650 2603 2703 ovis

1582 2731 1774 2784 literar.
1793 2730 1923 2783 anni
1948 2746 2105 2801 1720:
2124 2756 2151 2775 κ
2166 2728 2329 2800 Digiti
2344 2746 2601 2781 manuum

1580 2810 1677 2863 tibi
1702 2810 1954 2863 exhibent
1974 2808 2167 2862 alicubi
2190 2821 2371 2861 notam
2390 2808 2601 2861 numeri

1580 2889 1855 2942 octonarii.
1870 2889 2071 2959 Nempe
2092 2888 2273 2959 pollex
2300 2886 2461 2941 indici
2476 2890 2603 2961 jun-

1582 2980 1699 3022 ctus
1728 2968 2039 3041 quinarium
2084 2964 2481 3039 quodammodo
2526 2968 2601 3019 ef-

1580 3046 1750 3119 fingit,
1764 3046 1951 3118 reliqui
1970 3058 2076 3099 tres
2094 3045 2246 3117 digiti
2262 3044 2506 3099 unitates.
2522 3046 2605 3100 De

1580 3124 1681 3179 hae
1716 3138 1840 3179 nota
1878 3125 2085 3179 numeri
2118 3124 2403 3188 octonarii,
2436 3142 2598 3196 quam

1580 3205 1637 3256 in
1672 3202 1853 3276 digitis
1893 3204 2025 3271 tuis,
2062 3200 2344 3274 utramque·
2378 3221 2599 3257 manum

1578 3283 1863 3355 inspiciens
1877 3322 1893 3347 ‚
1933 3282 2183 3335 invenisti
2200 3319 2217 3344 ‚
2254 3282 2301 3335 si
2325 3281 2602 3337 sustuleris

1577 3376 1779 3435 septem
1796 3404 1812 3429 ,
1830 3362 1885 3416 id
1904 3373 1984 3416 est
2000 3400 2016 3427 ,
2035 3373 2213 3413 notam
2227 3361 2459 3432 quinarii
2474 3379 2603 3413 cum

1580 3440 1789 3495 duabus
1806 3441 2099 3496 unitatibus
2122 3476 2137 3503 ,
2156 3439 2351 3512 reiiqui
2378 3438 2475 3491 tibi
2506 3458 2603 3493 sex

1576 3522 1931 3575 remanebunt
1955 3518 2107 3592 digiti
2128 3545 2173 3572 n.
2190 3514 2294 3573 Sed
2318 3518 2407 3571 vix
2422 3530 2501 3571 tot
2520 3538 2603 3573 re—

1579 3601 1713 3655 ferre
1734 3598 2188 3672 interpretationes
2211 3616 2345 3670 opus
2364 3612 2495 3651 erat.

1658 3700 1700 3735 1.
1730 3685 1907 3735 Coedes
1933 3683 1995 3734 A.
2023 3690 2075 3733 et
2102 3681 2164 3733 E.
2192 3692 2245 3733 et
2264 3678 2399 3733 pith.
2418 3684 2604 3732 credas

1580 3759 1721 3813 Cast.
1741 3772 1795 3813 et
1814 3761 2005 3813 Heum.
2028 3762 2185 3813 credis
2206 3760 2360 3813 Cam.

1652 3860 1703 3893 ιι.
1747 3844 1935 3891 Tenens
1976 3838 2118 3894 Pith.
2146 3852 2199 3894 et
2237 3837 2443 3895 Castal.
2466 3854 2607 3893 tenes
2638 3874 2647 3881 -

1577 3919 1724 3971 Cam.
1742 3930 1795 3971 ct
1816 3918 2005 3973 Heum.

1153 4069 1936 4104 ψ
