2964 4690
912 395 1335 465 AUSONII
1390 399 1703 466 ROSAE.

2240 423 2373 495 1¹9

355 519 854 611 Conquerimur,
887 519 1182 603 Natura,
1215 517 1434 586 brevis
1461 517 1643 612 quod
1678 521 1889 613 gratia
1918 521 2157 592 florum
2184 539 2321 598 est:

442 631 786 697 Ostentata
825 624 1034 698 oculis
1071 625 1250 696 illico
1284 626 1461 697 dona
1499 630 1696 723 rapiS.

353 739 562 826 Quam
593 737 794 832 longa
823 763 956 807 una
983 739 1124 807 dies
1143 791 1162 822 ,
1205 751 1360 806 aetas
1393 753 1529 806 tain
1560 736 1760 833 longa
1799 765 2129 825 rosarum;

439 849 622 936 Quas
663 848 1102 942 pubescentes
1131 848 1364 940 juncta
1403 862 1665 916 senecta
1699 852 1965 942 premit.

351 960 562 1047 Quam
591 957 794 1042 inodo
827 973 1206 1036 nascentem
1245 956 1487 1038 rutilus
1519 961 1865 1053 conspexit
1896 963 2107 1048 EouS,
2326 955 2377 1035 ιε’

439 1072 626 1137 Hanc
661 1069 928 1138 rediens
969 1093 1116 1138 sero
1153 1092 1424 1160 vespere
1461 1067 1627 1136 vidit
1666 1094 1895 1138 anum.

352 1179 474 1247 Sed
507 1179 709 1267 bene,
738 1179 954 1274 quod,
981 1180 1212 1276 paucis
1247 1175 1397 1248 licet
1438 1179 1788 1250 interitura
1826 1179 2061 1275 diebus
2084 1236 2102 1269 ‚

437 1289 810 1363 Succedens
843 1315 1058 1360 aevum
1086 1303 1404 1383 prorogat
1435 1289 1577 1384 ipsa
1612 1315 1843 1360 suum.

250 1497 348 1562 ficit
367 1493 627 1567 eleganter
655 1515 755 1570 pro
783 1508 965 1551 enecat
984 1535 1000 1559 ,
1039 1507 1264 1567 proster-

263 1572 440 1627 nit.Sic
453 1573 724 1638 Lucretio,
746 1575 837 1628 tib.
852 1575 901 1639 1,
923 1574 1023 1640 905
1043 1595 1056 1626 ε
1079 1601 1103 1620 «-
1118 1575 1266 1645 ignes

262 1653 582 1707 conficerent
617 1655 780 1728 vulgo
817 1655 974 1710 silvas
995 1693 1011 1718 ,
1051 1654 1266 1708 arbusta

261 1745 572 1801 cremarent,
615 1747 717 1788 etc.
744 1760 766 1781 ι
806 1735 996 1788 Runa.
1025 1765 1095 1774 —-
1130 1733 1266 1790 Mihi

257 1813 441 1882 conficit
493 1813 600 1866 hoc
659 1814 780 1867 loco
830 1813 1139 1884 simpliciter
1191 1827 1272 1866 est

257 1892 394 1956 finit,
441 1892 689 1946 absolvit.
735 1893 960 1946 Sensum
1013 1893 1269 1947 enecandi

254 1989 354 2023 non
397 1971 687 2025 admittunt
725 1977 906 2041 speeies
917 2011 935 2034 ,
975 1989 1133 2035 ortus,
1173 1994 1267 2026 no-

253 2065 398 2102 mm.

313 2137 398 2192 41.
424 2133 593 2182 Brevis
622 2136 760 2198 quod
778 2137 948 2201 gratia
957 2137 1140 2204 florum
1177 2148 1267 2186 est.

250 2210 488 2264 Suaviter
525 2212 704 2266 valer.
745 2213 918 2268 Flacc.
958 2215 1066 2274 VI,
1118 2219 1265 2283 ⁴9²·
1251 2231 1264 2244 ·

253 2315 275 2332 ·
295 2289 422 2341 Lilia
442 2309 545 2361 per
569 2309 757 2344 vernos
783 2293 962 2347 lucent
987 2293 1126 2344 velut
1149 2294 1266 2345 alba

253 2370 444 2423 colores
461 2371 759 2442 Praecipue,
781 2374 930 2445 queis
955 2374 1056 2427 vita
1077 2374 1268 2433 brevis,

255 2460 490 2520 totusque
532 2470 820 2522 parumper
859 2452 1034 2505 Floret
1072 2454 1267 2519 honor,

259 2526 406 2579 fineis
433 2530 616 2601 etjam
646 2532 814 2585 Notus
843 2531 1080 2583 imminet
1109 2532 1264 2585 alis·-

259 2604 382 2659 Hiuc
415 2608 670 2671 Horatio,
713 2611 890 2663 Carm.
921 2613 981 2675 1,
1025 2612 1092 2663 36
1117 2648 1132 2673 ,
1165 2614 1230 2664 16

259 2712 278 2727 -
305 2686 458 2739 breve
483 2688 656 2740 lilium
683 2714 736 2753 -,
777 2700 826 2739 et
856 2689 1118 2747 «nimium
1153 2690 1270 2741 bre-

259 2781 336 2816 ves
357 2764 520 2819 flores
545 2786 680 2819 msa
701 2792 728 2813 a·
765 2769 942 2821 Carm.
965 2769 1053 2831 11,
1094 2770 1125 2821 3
1145 2808 1160 2833 ,
1205 2768 1266 2820 13

257 2841 512 2896 dicuntur.

321 2931 406 2985 4²·
435 2932 702 2977 Ostentata
732 2928 910 2985 oeulis,
933 2926 988 2977 h.
1016 2944 1064 2977 e.
1093 2925 1268 2991 Quin,

259 3020 412 3070 quum
435 3004 524 3057 vix
543 3004 839 3058 ostenderis
864 3016 951 3057 tua
976 3005 1118 3057 dona
1139 3024 1270 3057 oeu-

258 3080 315 3131 lis
339 3082 532 3135 nostris
545 3122 562 3149 ,
589 3083 738 3136 illico
757 3084 1096 3153 rapis.Verbo
1111 3098 1268 3135 osten-

259 3172 356 3210 tare
395 3162 562 3213 utitur
601 3160 672 3215 ad
714 3180 836 3215 eum
879 3180 1091 3215 sensum
1111 3202 1125 3227 ,
1161 3180 1271 3233 quo

261 3237 504 3309 Virgilius
533 3241 750 3294 brevem
785 3241 1016 3294 Marcelli
1052 3239 1270 3311 gloriam

257 3329 396 3369 notat
431 3323 555 3372 AEn.
590 3320 696 3382 vl,
739 3322 882 3389 870:
933 3344 956 3366 ι
978 3319 1273 3374 Ostendent

259 3396 404 3448 ten-is
447 3397 596 3449 hunc
643 3410 850 3450 tantum
902 3399 1009 3452 sata
1029 3438 1044 3463 ,
1093 3417 1271 3471 neque

259 3474 386 3527 ultra
409 3476 539 3529 Esse
561 3476 736 3530 sinent
750 3503 798 3529 a».

317 3559 402 3619 44.
440 3562 628 3607 Iuncta
673 3570 870 3607 senecta
907 3559 1100 3623 premit,
1132 3574 1272 3626 pone

257 3632 506 3703 sequitur,
529 3634 754 3687 inhaeret
775 3646 826 3687 et
851 3635 1128 3705 opprimit.
1147 3634 1274 3687 Hor.

255 3714 424 3764 Carm-
451 3714 514 3779 1,
549 3720 612 3777 4,
653 3718 750 3767 16:
801 3739 827 3759 οι
853 3715 973 3766 Jam
1000 3727 1052 3767 te
1075 3724 1276 3785 premet

258 3810 360 3843 nox
385 3832 402 3856 ,
451 3794 752 3865 fabulaque
809 3812 990 3849 manes
1017 3820 1058 3846 a.
1110 3793 1277 3845 Aliter

257 3868 390 3923 idem
419 3872 676 3942 expressit
711 3872 818 3927 sal.
843 3873 1028 3925 Bassus
1045 3910 1059 3935 ,
1099 3874 1270 3925 Carm.

259 3948 321 4001 ad
348 3951 526 4003 Pison-
551 3953 680 4005 138:
714 3952 858 4004 -Ver
881 3952 1010 4022 fugit
1037 3962 1236 4004 aestates
1257 3990 1271 4015 ,

257 4040 486 4082 astatum
513 4041 660 4101 terga
687 4030 894 4082 lacessit
922 4029 1154 4083 pomifer
1177 4047 1272 4083 au·

259 4117 466 4163 tumus
485 4135 528 4159 ¹·-

1249 2650 1264 2675 ‚
1353 2609 1579 2674 lib-VI,
1620 2630 1741 2681 pag.
1774 2612 1919 2665 158·
1906 2652 1919 2664 .

1425 1495 1512 1558 45.
1547 1502 1705 1564 Quam
1732 1501 1877 1548 modo
1897 1513 2225 1550 nascentem»
2226 1501 2351 1549 ἰιέιΙη
2336 1520 2377 1549 es

1353 1595 1443 1626 con
1449 1579 1611 1643 spexit
1627 1581 1774 1627 Eous.
1793 1574 2131 1632 Burmannus
2154 1577 2241 1633 hic
2268 1597 2381 1629 ma-

1352 1653 1597 1728 nifestam
1640 1656 1715 1707 ait
1748 1657 2099 1708 imitationem
2125 1657 2381 1726 adparere

1354 1732 1637 1807 fragmenti
1673 1756 1736 1788 ex
1773 1735 2001 1810 Smyrna
2043 1737 2215 1790 Helvii
2254 1737 2379 1808 Cin-

1353 1833 1461 1880 nte,
1495 1816 1641 1888 quod
1668 1817 1869 1888 profert
1906 1819 2048 1871 Serv.
2092 1817 2160 1870 nd
2190 1817 2377 1889 virgil.

1352 1894 1547 1966 Georg.
1567 1897 1618 1962 I,
1651 1897 1780 1950 288:
1803 1898 1930 1950 «Te
1950 1897 2237 1950 matutinus
2257 1896 2381 1948 flen-

1353 1987 1456 2028 tem
1504 1977 1771 2046 conspexit
1817 1977 1957 2028 Eous
1979 2017 1993 2041 ,
2056 1978 2121 2029 Et
2164 1975 2377 2028 flentem

1353 2053 1531 2124 paullo
1553 2053 1683 2108 vidit
1712 2067 1826 2125 post
1864 2056 2131 2126 Hesperus
2172 2053 2314 2108 idem
2336 2081 2379 2107 ιι.

1353 2130 1454 2186 Sed
1481 2144 1533 2186 et
1564 2133 1747 2186 similis
1777 2135 2033 2187 sententis
2062 2133 2224 2186 Ovid.
2244 2134 2377 2186 Met.

1355 2213 1427 2274 V,
1452 2219 1585 2275 440·
1618 2213 1812 2265 «Illam
1837 2233 1945 2265 non
1969 2212 2143 2266 rutilis
2168 2213 2386 2266 veniens

1354 2291 1555 2344 Aurora
1602 2292 1802 2365 capillis
1855 2293 2161 2348 cessantem
2210 2291 2381 2357 vidit,

1352 2389 1458 2421 non
1476 2372 1811 2462 l‘lesperus».
1838 2406 1906 2416 -—
1934 2374 2089 2426 Hunc
2116 2372 2294 2426 locum
2332 2384 2383 2423 et

1349 2444 1488 2501 ⁴hos
1475 2469 1615 2521 ipsos
1643 2470 1819 2505 versus
1848 2453 2100 2523 expressit
2136 2452 2271 2505 inter
2295 2471 2385 2505 re-

1353 2531 1613 2584 centiores
1665 2532 1824 2586 Basil.
1868 2534 2157 2597 zanobius,
2202 2534 2379 2585 Poem.

1966 2638 1987 2658 ι
2010 2618 2099 2665 Me
2121 2613 2383 2666 matutino

1353 2686 1567 2740 flentem
1596 2690 1871 2760 conspexit
1898 2690 2012 2742 Eoo
2032 2727 2047 2753 ,
2080 2692 2144 2743 Et
2169 2690 2383 2743 flentem

1354 2784 1472 2817 sero
1499 2786 1715 2835 vespere
1745 2766 1879 2819 vidit
1901 2769 2129 2819 Amor...
2158 2769 2261 2821 En.

1427 2848 1512 2907 46.
1540 2851 1684 2897 Hanc
1713 2848 1907 2897 rediens
1922 2885 1939 2906 ,
1972 2846 2085 2897 scil.
2106 2846 2277 2913 Eous,
2299 2847 2383 2897 vel

1355 2923 1583 2975 Lucifer.
1614 2925 1877 2995 Loquitur
1904 2944 1965 2977 ex
1992 2924 2245 2995 opinione
2270 2924 2385 2979 vul-

1355 3002 1428 3073 gi,
1449 3020 1612 3073 quam
1635 3001 1919 3055 admittunt
1934 3016 2131 3074 poetae,
2152 3003 2380 3066 stellam,

1355 3099 1472 3151 quae
1493 3094 1667 3135 ortum
1688 3083 1811 3136 solis
1830 3083 2128 3143 antecedat.
2144 3082 2380 3155 ejusdem

1356 3178 1599 3213 occasum
1619 3163 1901 3234 subsequi,
1923 3161 2139 3235 quando
2166 3163 2385 3217 sortasse

1358 3240 1612 3311 majorem
1659 3242 1864 3294 stellam
1922 3242 2077 3294 aliam
2096 3280 2112 3307 ,
2168 3260 2385 3313 vespere

1356 3336 1464 3388 prae
1492 3319 1602 3371 aliis
1630 3321 1971 3391 conspicuam
1990 3358 2005 3384 ,
2030 3340 2132 3391 pro
2156 3321 2387 3375 Veneris

1357 3409 1500 3449 astro
1523 3398 1790 3469 accipiunt
1808 3399 2057 3467 imperiti.
2079 3406 2272 3461 Anutn,
2297 3419 2383 3453 se·

1355 3493 1478 3526 nem
1500 3514 1513 3538 ‚
1559 3478 1807 3529 vetulam.
1854 3478 1987 3530 Vnt.
2041 3508 2114 3518 ·-—
2166 3480 2383 3531 Inverso

1361 3554 1521 3607 modo
1546 3556 1799 3609 Horatius
1817 3594 1832 3619 ,
1869 3558 2047 3610 carm.
2074 3558 2159 3624 11,
2188 3577 2253 3625 9,
2284 3578 2347 3611 ιο
2372 3577 2384 3610 :

1364 3652 1505 3686 «nec
1528 3628 1641 3686 ‘tibi
1671 3637 1906 3707 Vespero
1943 3626 2198 3708 Sui-gente
2236 3635 2389 3689 dece-

1361 3710 1493 3770 dunt
1512 3731 1717 3768 amores
1732 3753 1749 3779 ,
1766 3715 1877 3769 Nec
1892 3716 2136 3787 rapidum
2155 3715 2388 3787 fugiente

1361 3790 1537 3844 Solem
1561 3820 1607 3845 υ.

1433 3872 1517 3934 48.
1539 3876 1809 3925 Succedens
1836 3894 1988 3925 aevum
2007 3887 2255 3942 prorogat
2278 3877 2388 3940 ipsa

1362 3970 1500 4001 suum
1522 3992 1537 4015 ‚
1576 3952 1628 4004 id
1672 3964 1785 4015 est,
1813 3952 2179 4017 reflorescens,
2212 3952 2390 4003 denuo

1364 4030 1681 4100 germinans,
1702 4032 2027 4085 succedanea
2048 4032 2193 4104 pmle
2214 4041 2389 4087 extm-

1368 4107 1448 4161 dit
1474 4126 1639 4162 aevum
1674 4128 1850 4163 suum.
