<?xml version="1.0" encoding="UTF-8"?>
<!DOCTYPE html PUBLIC "-//W3C//DTD XHTML 1.0 Transitional//EN"
    "http://www.w3.org/TR/xhtml1/DTD/xhtml1-transitional.dtd">
<html xmlns="http://www.w3.org/1999/xhtml" xml:lang="en" lang="en">
 <head>
  <title>
</title>
<meta http-equiv="Content-Type" content="text/html;charset=utf-8" />
  <meta name='ocr-system' content='tesseract 3.04.00' />
  <meta name='ocr-capabilities' content='ocr_page ocr_carea ocr_par ocr_line ocrx_word'/>
</head>
<body>
  <div class='ocr_page' id='page_1' title='image "./poetaelatinimin02unkngoog_0202.png"; bbox 0 0 2964 4690; ppageno 0'>
   <div class='ocr_carea' id='block_1_1' title="bbox 397 336 2429 555">
    <p class='ocr_par' dir='ltr' id='par_1_1' title="bbox 397 336 2429 555">
     <span class='ocr_line' id='line_1_1' title="bbox 965 336 2429 456; baseline 0.008 -38"><span class='ocrx_word' id='word_1_1' title='bbox 965 349 1099 418; x_wconf 88' lang='lat' dir='ltr'>DE</span> <span class='ocrx_word' id='word_1_2' title='bbox 1144 353 1769 424; x_wconf 77' lang='lat' dir='ltr'>MAxmlANo.</span> <span class='ocrx_word' id='word_1_3' title='bbox 1963 336 1978 354; x_wconf 85' lang='grc'><strong><em>’</em></strong></span> <span class='ocrx_word' id='word_1_4' title='bbox 2300 359 2429 456; x_wconf 74' lang='grc'>,93</span> 
     </span>
     <span class='ocr_line' id='line_1_2' title="bbox 397 465 1072 555; baseline 0.006 -25"><span class='ocrx_word' id='word_1_5' title='bbox 397 468 644 531; x_wconf 81' lang='lat' dir='ltr'>Iterum</span> <span class='ocrx_word' id='word_1_6' title='bbox 695 465 794 532; x_wconf 87' lang='lat' dir='ltr'>El.</span> <span class='ocrx_word' id='word_1_7' title='bbox 829 467 909 550; x_wconf 88' lang='lat' dir='ltr'>V,</span> <span class='ocrx_word' id='word_1_8' title='bbox 949 469 1072 555; x_wconf 89' lang='lat'>96:</span> 
     </span>
    </p>
   </div>
   <div class='ocr_carea' id='block_1_2' title="bbox 585 612 2052 689">
    <p class='ocr_par' dir='ltr' id='par_1_2' title="bbox 585 612 2052 689">
     <span class='ocr_line' id='line_1_3' title="bbox 585 612 2052 689; baseline 0.005 -25"><span class='ocrx_word' id='word_1_9' title='bbox 585 612 712 678; x_wconf 85' lang='lat' dir='ltr'>Quo</span> <span class='ocrx_word' id='word_1_10' title='bbox 741 612 840 666; x_wconf 77' lang='lat' dir='ltr'>tihi</span> <span class='ocrx_word' id='word_1_11' title='bbox 869 613 1048 667; x_wconf 74' lang='lat' dir='ltr'>fervor</span> <span class='ocrx_word' id='word_1_12' title='bbox 1075 614 1217 678; x_wconf 77' lang='lat' dir='ltr'>abit,</span> <span class='ocrx_word' id='word_1_13' title='bbox 1240 633 1334 686; x_wconf 77' lang='lat' dir='ltr'>per</span> <span class='ocrx_word' id='word_1_14' title='bbox 1355 633 1515 687; x_wconf 75' lang='lat' dir='ltr'>quem</span> <span class='ocrx_word' id='word_1_15' title='bbox 1545 617 1765 671; x_wconf 78' lang='lat' dir='ltr'>feritura</span> <span class='ocrx_word' id='word_1_16' title='bbox 1794 619 2052 689; x_wconf 72' lang='lat' dir='ltr'>placebas.</span> 
     </span>
    </p>
   </div>
   <div class='ocr_carea' id='block_1_3' title="bbox 306 755 2421 990">
    <p class='ocr_par' dir='ltr' id='par_1_3' title="bbox 306 755 2421 990">
     <span class='ocr_line' id='line_1_4' title="bbox 306 755 2421 963; baseline 0.007 -107"><span class='ocrx_word' id='word_1_17' title='bbox 306 794 516 857; x_wconf 84' lang='lat' dir='ltr'>xxu.</span> <span class='ocrx_word' id='word_1_18' title='bbox 563 793 825 860; x_wconf 80' lang='lat' dir='ltr'><strong>JANUS</strong></span> <span class='ocrx_word' id='word_1_19' title='bbox 869 755 1467 963; x_wconf 43' lang='lat' dir='ltr'>Bnoulsslffns‘ms</span> <span class='ocrx_word' id='word_1_20' title='bbox 1502 799 1570 862; x_wconf 77' lang='lat' dir='ltr'>in</span> <span class='ocrx_word' id='word_1_21' title='bbox 1607 800 1779 865; x_wconf 72' lang='lat' dir='ltr'>notis</span> <span class='ocrx_word' id='word_1_22' title='bbox 1815 799 1897 864; x_wconf 72' lang='lat' dir='ltr'>ad</span> <span class='ocrx_word' id='word_1_23' title='bbox 1929 802 2168 880; x_wconf 60' lang='lat' dir='ltr'>Tibun.</span> <span class='ocrx_word' id='word_1_24' title='bbox 2209 805 2318 868; x_wconf 79' lang='lat' dir='ltr'>ub.</span> <span class='ocrx_word' id='word_1_25' title='bbox 2358 808 2421 880; x_wconf 91' lang='lat'>1,</span> 
     </span>
     <span class='ocr_line' id='line_1_5' title="bbox 1191 902 1625 990; baseline 0.012 -28"><span class='ocrx_word' id='word_1_26' title='bbox 1191 922 1287 990; x_wconf 86' lang='lat' dir='ltr'>eg.</span> <span class='ocrx_word' id='word_1_27' title='bbox 1324 903 1357 964; x_wconf 96' lang='lat' dir='ltr'>I</span> <span class='ocrx_word' id='word_1_28' title='bbox 1371 949 1390 983; x_wconf 87' lang='lat'>,</span> <span class='ocrx_word' id='word_1_29' title='bbox 1423 924 1484 965; x_wconf 79' lang='lat' dir='ltr'>v.</span> <span class='ocrx_word' id='word_1_30' title='bbox 1521 902 1625 967; x_wconf 88' lang='lat'>86.</span> 
     </span>
    </p>
   </div>
   <div class='ocr_carea' id='block_1_4' title="bbox 295 1066 2425 1368">
    <p class='ocr_par' dir='ltr' id='par_1_4' title="bbox 295 1066 2425 1368">
     <span class='ocr_line' id='line_1_6' title="bbox 389 1066 2425 1158; baseline 0.006 -30"><span class='ocrx_word' id='word_1_31' title='bbox 389 1067 560 1154; x_wconf 82' lang='lat' dir='ltr'>Lege</span> <span class='ocrx_word' id='word_1_32' title='bbox 603 1067 690 1129; x_wconf 83' lang='lat' dir='ltr'>sis</span> <span class='ocrx_word' id='word_1_33' title='bbox 731 1066 1105 1154; x_wconf 87' lang='lat' dir='ltr'>Longinum</span> <span class='ocrx_word' id='word_1_34' title='bbox 1154 1067 1619 1132; x_wconf 78' lang='lat' dir='ltr'>Maximianum</span> <span class='ocrx_word' id='word_1_35' title='bbox 1670 1069 1911 1158; x_wconf 86' lang='lat' dir='ltr'>(quem</span> <span class='ocrx_word' id='word_1_36' title='bbox 1955 1094 2076 1158; x_wconf 84' lang='lat' dir='ltr'>pro</span> <span class='ocrx_word' id='word_1_37' title='bbox 2121 1074 2425 1140; x_wconf 86' lang='lat' dir='ltr'>Cornelio</span> 
     </span>
     <span class='ocr_line' id='line_1_7' title="bbox 301 1169 2421 1267; baseline 0.004 -32"><span class='ocrx_word' id='word_1_38' title='bbox 301 1170 486 1235; x_wconf 84' lang='lat' dir='ltr'>Gallo</span> <span class='ocrx_word' id='word_1_39' title='bbox 505 1169 750 1236; x_wconf 83' lang='lat' dir='ltr'>habent</span> <span class='ocrx_word' id='word_1_40' title='bbox 777 1170 1020 1236; x_wconf 85' lang='lat' dir='ltr'>inficeti</span> <span class='ocrx_word' id='word_1_41' title='bbox 1044 1170 1308 1261; x_wconf 85' lang='lat' dir='ltr'>quidam</span> <span class='ocrx_word' id='word_1_42' title='bbox 1343 1174 1685 1260; x_wconf 80' lang='lat' dir='ltr'>mortales)</span> <span class='ocrx_word' id='word_1_43' title='bbox 1714 1175 2030 1240; x_wconf 85' lang='lat' dir='ltr'>malorum</span> <span class='ocrx_word' id='word_1_44' title='bbox 2057 1191 2421 1267; x_wconf 77' lang='lat' dir='ltr'>temporum</span> 
     </span>
     <span class='ocr_line' id='line_1_8' title="bbox 295 1274 1629 1368; baseline 0.004 -30"><span class='ocrx_word' id='word_1_45' title='bbox 295 1274 476 1340; x_wconf 82' lang='lat' dir='ltr'>haud</span> <span class='ocrx_word' id='word_1_46' title='bbox 519 1277 794 1341; x_wconf 88' lang='lat' dir='ltr'>omnino</span> <span class='ocrx_word' id='word_1_47' title='bbox 834 1277 1189 1365; x_wconf 84' lang='lat' dir='ltr'>pessimum</span> <span class='ocrx_word' id='word_1_48' title='bbox 1226 1295 1629 1368; x_wconf 83' lang='lat' dir='ltr'><strong>nugatorem.</strong></span> 
     </span>
    </p>
   </div>
   <div class='ocr_carea' id='block_1_5' title="bbox 826 1409 2307 1486">
    <p class='ocr_par' dir='ltr' id='par_1_5' title="bbox 826 1409 2307 1486">
     <span class='ocr_line' id='line_1_9' title="bbox 826 1409 2307 1486; baseline 0.005 -24"><span class='ocrx_word' id='word_1_49' title='bbox 826 1409 982 1464; x_wconf 76' lang='lat' dir='ltr'>Paria</span> <span class='ocrx_word' id='word_1_50' title='bbox 1004 1409 1136 1466; x_wconf 81' lang='lat' dir='ltr'>dicit</span> <span class='ocrx_word' id='word_1_51' title='bbox 1156 1411 1226 1466; x_wconf 73' lang='lat' dir='ltr'>ad</span> <span class='ocrx_word' id='word_1_52' title='bbox 1253 1413 1314 1478; x_wconf 82' lang='lat'>1,</span> <span class='ocrx_word' id='word_1_53' title='bbox 1339 1431 1407 1482; x_wconf 86' lang='lat'>9,</span> <span class='ocrx_word' id='word_1_54' title='bbox 1437 1415 1533 1480; x_wconf 84' lang='lat'>50,</span> <span class='ocrx_word' id='word_1_55' title='bbox 1556 1423 1609 1466; x_wconf 82' lang='lat' dir='ltr'>et</span> <span class='ocrx_word' id='word_1_56' title='bbox 1631 1411 1700 1467; x_wconf 73' lang='lat' dir='ltr'>ad</span> <span class='ocrx_word' id='word_1_57' title='bbox 1730 1413 1971 1486; x_wconf 80' lang='lat' dir='ltr'>Propert.</span> <span class='ocrx_word' id='word_1_58' title='bbox 2000 1416 2085 1480; x_wconf 85' lang='lat'>11,</span> <span class='ocrx_word' id='word_1_59' title='bbox 2112 1435 2195 1483; x_wconf 75' lang='grc' dir='ltr'>η,</span> <span class='ocrx_word' id='word_1_60' title='bbox 2225 1437 2307 1470; x_wconf 76' lang='lat'>21.</span> 
     </span>
    </p>
   </div>
   <div class='ocr_carea' id='block_1_6' title="bbox 375 1610 2367 1706">
    <p class='ocr_par' dir='ltr' id='par_1_6' title="bbox 375 1610 2367 1706">
     <span class='ocr_line' id='line_1_10' title="bbox 375 1610 2367 1706; baseline 0.005 -30"><span class='ocrx_word' id='word_1_61' title='bbox 375 1611 618 1678; x_wconf 83' lang='lat' dir='ltr'>XXIII.</span> <span class='ocrx_word' id='word_1_62' title='bbox 655 1610 876 1680; x_wconf 89' lang='lat' dir='ltr'>IDEM</span> <span class='ocrx_word' id='word_1_63' title='bbox 907 1615 976 1680; x_wconf 89' lang='lat' dir='ltr'>in</span> <span class='ocrx_word' id='word_1_64' title='bbox 1010 1631 1146 1680; x_wconf 84' lang='lat' dir='ltr'>not.</span> <span class='ocrx_word' id='word_1_65' title='bbox 1175 1615 1258 1680; x_wconf 91' lang='lat' dir='ltr'>ad</span> <span class='ocrx_word' id='word_1_66' title='bbox 1290 1617 1581 1704; x_wconf 83' lang='lat' dir='ltr'>Propert.</span> <span class='ocrx_word' id='word_1_67' title='bbox 1618 1617 1728 1681; x_wconf 83' lang='lat' dir='ltr'>lib.</span> <span class='ocrx_word' id='word_1_68' title='bbox 1757 1617 1853 1698; x_wconf 85' lang='grc' dir='ltr'>ΙΙ,</span> <span class='ocrx_word' id='word_1_69' title='bbox 1882 1619 1979 1682; x_wconf 90' lang='grc' dir='ltr'>ΕΙ.</span> <span class='ocrx_word' id='word_1_70' title='bbox 2015 1619 2135 1700; x_wconf 88' lang='lat'>25,</span> <span class='ocrx_word' id='word_1_71' title='bbox 2170 1643 2229 1684; x_wconf 84' lang='lat' dir='ltr'>v.</span> <span class='ocrx_word' id='word_1_72' title='bbox 2262 1640 2367 1706; x_wconf 85' lang='lat'>92.</span> 
     </span>
    </p>
   </div>
   <div class='ocr_carea' id='block_1_7' title="bbox 289 1797 2410 2301">
    <p class='ocr_par' dir='ltr' id='par_1_7' title="bbox 289 1797 2410 2301">
     <span class='ocr_line' id='line_1_11' title="bbox 383 1797 2408 1886; baseline 0.001 -25"><span class='ocrx_word' id='word_1_73' title='bbox 383 1799 480 1861; x_wconf 84' lang='lat' dir='ltr'>De</span> <span class='ocrx_word' id='word_1_74' title='bbox 521 1797 840 1862; x_wconf 64' lang='lat' dir='ltr'>Cornelio*</span> <span class='ocrx_word' id='word_1_75' title='bbox 870 1797 1052 1862; x_wconf 89' lang='lat' dir='ltr'>Gallo</span> <span class='ocrx_word' id='word_1_76' title='bbox 1093 1799 1255 1863; x_wconf 85' lang='lat' dir='ltr'>nihil</span> <span class='ocrx_word' id='word_1_77' title='bbox 1298 1797 1485 1862; x_wconf 87' lang='lat' dir='ltr'>nobis</span> <span class='ocrx_word' id='word_1_78' title='bbox 1515 1813 1742 1880; x_wconf 84' lang='lat' dir='ltr'>restat,</span> <span class='ocrx_word' id='word_1_79' title='bbox 1778 1814 2006 1886; x_wconf 76' lang='lat' dir='ltr'>praeter</span> <span class='ocrx_word' id='word_1_80' title='bbox 2036 1800 2236 1863; x_wconf 88' lang='lat' dir='ltr'>solam</span> <span class='ocrx_word' id='word_1_81' title='bbox 2272 1823 2408 1864; x_wconf 87' lang='lat' dir='ltr'>me-</span> 
     </span>
     <span class='ocr_line' id='line_1_12' title="bbox 293 1902 2410 1993; baseline 0.001 -28"><span class='ocrx_word' id='word_1_82' title='bbox 293 1903 584 1966; x_wconf 88' lang='lat' dir='ltr'>moriam.</span> <span class='ocrx_word' id='word_1_83' title='bbox 623 1903 789 1966; x_wconf 88' lang='lat' dir='ltr'>Nam</span> <span class='ocrx_word' id='word_1_84' title='bbox 824 1902 1072 1968; x_wconf 86' lang='lat' dir='ltr'>libellus</span> <span class='ocrx_word' id='word_1_85' title='bbox 1101 1903 1245 1985; x_wconf 85' lang='lat' dir='ltr'>ille,</span> <span class='ocrx_word' id='word_1_86' title='bbox 1277 1903 1391 1992; x_wconf 83' lang='lat' dir='ltr'>qui</span> <span class='ocrx_word' id='word_1_87' title='bbox 1423 1904 1618 1993; x_wconf 83' lang='lat' dir='ltr'>vulgo</span> <span class='ocrx_word' id='word_1_88' title='bbox 1650 1903 1775 1967; x_wconf 86' lang='lat' dir='ltr'>sub</span> <span class='ocrx_word' id='word_1_89' title='bbox 1808 1904 1947 1984; x_wconf 84' lang='lat' dir='ltr'>ejus</span> <span class='ocrx_word' id='word_1_90' title='bbox 1981 1904 2245 1968; x_wconf 86' lang='lat' dir='ltr'>nomine</span> <span class='ocrx_word' id='word_1_91' title='bbox 2284 1906 2410 1968; x_wconf 84' lang='lat' dir='ltr'>cir-</span> 
     </span>
     <span class='ocr_line' id='line_1_13' title="bbox 293 2008 2409 2098; baseline 0.001 -27"><span class='ocrx_word' id='word_1_92' title='bbox 293 2009 674 2090; x_wconf 81' lang='lat' dir='ltr'>cumfertur,</span> <span class='ocrx_word' id='word_1_93' title='bbox 732 2024 1060 2074; x_wconf 82' lang='lat' dir='ltr'>auctorem</span> <span class='ocrx_word' id='word_1_94' title='bbox 1116 2009 1311 2074; x_wconf 87' lang='lat' dir='ltr'>habet</span> <span class='ocrx_word' id='word_1_95' title='bbox 1368 2009 1583 2074; x_wconf 84' lang='lat' dir='ltr'>nescio</span> <span class='ocrx_word' id='word_1_96' title='bbox 1645 2031 1841 2098; x_wconf 86' lang='lat' dir='ltr'>quem</span> <span class='ocrx_word' id='word_1_97' title='bbox 1904 2008 2367 2073; x_wconf 81' lang='lat' dir='ltr'>Maximianum</span> <span class='ocrx_word' id='word_1_98' title='bbox 2391 2059 2409 2091; x_wconf 93' lang='lat'>,</span> 
     </span>
     <span class='ocr_line' id='line_1_14' title="bbox 289 2113 2410 2200; baseline 0.001 -24"><span class='ocrx_word' id='word_1_99' title='bbox 289 2114 669 2200; x_wconf 85' lang='lat' dir='ltr'>scriptorem</span> <span class='ocrx_word' id='word_1_100' title='bbox 711 2113 1055 2178; x_wconf 84' lang='lat' dir='ltr'>barbarum</span> <span class='ocrx_word' id='word_1_101' title='bbox 1078 2163 1097 2196; x_wconf 86' lang='lat'>,</span> <span class='ocrx_word' id='word_1_102' title='bbox 1128 2114 1561 2196; x_wconf 87' lang='lat' dir='ltr'>lutulentum,</span> <span class='ocrx_word' id='word_1_103' title='bbox 1606 2136 1681 2177; x_wconf 89' lang='lat' dir='ltr'>ac</span> <span class='ocrx_word' id='word_1_104' title='bbox 1717 2130 1967 2178; x_wconf 86' lang='lat' dir='ltr'>tantum</span> <span class='ocrx_word' id='word_1_105' title='bbox 2004 2137 2136 2178; x_wconf 89' lang='lat' dir='ltr'>non</span> <span class='ocrx_word' id='word_1_106' title='bbox 2172 2130 2410 2178; x_wconf 85' lang='lat' dir='ltr'>sterco-</span> 
     </span>
     <span class='ocr_line' id='line_1_15' title="bbox 291 2216 2405 2301; baseline 0 -19"><span class='ocrx_word' id='word_1_107' title='bbox 291 2240 488 2282; x_wconf 83' lang='lat' dir='ltr'>reum.</span> <span class='ocrx_word' id='word_1_108' title='bbox 525 2218 783 2282; x_wconf 79' lang='lat' dir='ltr'>Primus</span> <span class='ocrx_word' id='word_1_109' title='bbox 813 2220 1036 2282; x_wconf 87' lang='lat' dir='ltr'>fucum</span> <span class='ocrx_word' id='word_1_110' title='bbox 1064 2217 1366 2281; x_wconf 82' lang='lat' dir='ltr'>studiosis</span> <span class='ocrx_word' id='word_1_111' title='bbox 1400 2216 1775 2281; x_wconf 87' lang='lat' dir='ltr'>hominibus</span> <span class='ocrx_word' id='word_1_112' title='bbox 1806 2218 2015 2282; x_wconf 72' lang='lat' dir='ltr'>facere</span> <span class='ocrx_word' id='word_1_113' title='bbox 2049 2240 2243 2282; x_wconf 86' lang='lat' dir='ltr'>ausus</span> <span class='ocrx_word' id='word_1_114' title='bbox 2274 2234 2405 2301; x_wconf 89' lang='lat' dir='ltr'>est,</span> 
     </span>
    </p>
   </div>
   <div class='ocr_carea' id='block_1_8' title="bbox 285 2321 2421 2516">
    <p class='ocr_par' dir='ltr' id='par_1_8' title="bbox 285 2321 2421 2516">
     <span class='ocr_line' id='line_1_16' title="bbox 287 2321 2421 2410; baseline 0.002 -25"><span class='ocrx_word' id='word_1_115' title='bbox 287 2321 406 2385; x_wconf 85' lang='lat' dir='ltr'>sub</span> <span class='ocrx_word' id='word_1_116' title='bbox 441 2323 713 2387; x_wconf 84' lang='lat' dir='ltr'>nomine</span> <span class='ocrx_word' id='word_1_117' title='bbox 749 2337 881 2387; x_wconf 82' lang='lat' dir='ltr'>tam</span> <span class='ocrx_word' id='word_1_118' title='bbox 914 2321 1094 2387; x_wconf 90' lang='lat' dir='ltr'>bono</span> <span class='ocrx_word' id='word_1_119' title='bbox 1117 2372 1135 2405; x_wconf 94' lang='lat'>,</span> <span class='ocrx_word' id='word_1_120' title='bbox 1173 2322 1574 2410; x_wconf 80' lang='lat' dir='ltr'>Pomponius</span> <span class='ocrx_word' id='word_1_121' title='bbox 1618 2321 1930 2387; x_wconf 84' lang='lat' dir='ltr'>Gauricus</span> <span class='ocrx_word' id='word_1_122' title='bbox 1950 2370 1971 2405; x_wconf 89' lang='lat'>,</span> <span class='ocrx_word' id='word_1_123' title='bbox 2008 2338 2071 2387; x_wconf 87' lang='lat' dir='ltr'>et</span> <span class='ocrx_word' id='word_1_124' title='bbox 2105 2323 2421 2389; x_wconf 73' lang='lat' dir='ltr'>successit</span> 
     </span>
     <span class='ocr_line' id='line_1_17' title="bbox 285 2426 2403 2516; baseline 0.002 -27"><span class='ocrx_word' id='word_1_125' title='bbox 285 2426 342 2489; x_wconf 83' lang='lat' dir='ltr'>ei</span> <span class='ocrx_word' id='word_1_126' title='bbox 371 2427 800 2516; x_wconf 81' lang='lat' dir='ltr'>mangonium</span> <span class='ocrx_word' id='word_1_127' title='bbox 820 2474 840 2510; x_wconf 86' lang='lat'>,</span> <span class='ocrx_word' id='word_1_128' title='bbox 873 2448 1266 2515; x_wconf 85' lang='lat' dir='ltr'>quamquam</span> <span class='ocrx_word' id='word_1_129' title='bbox 1294 2441 1518 2490; x_wconf 86' lang='lat' dir='ltr'>contra</span> <span class='ocrx_word' id='word_1_130' title='bbox 1539 2442 1782 2491; x_wconf 84' lang='lat' dir='ltr'>starent</span> <span class='ocrx_word' id='word_1_131' title='bbox 1806 2426 1926 2491; x_wconf 80' lang='lat' dir='ltr'>viri</span> <span class='ocrx_word' id='word_1_132' title='bbox 1954 2426 2403 2512; x_wconf 87' lang='lat' dir='ltr'>eruditissimi,</span> 
     </span>
    </p>
   </div>
   <div class='ocr_carea' id='block_1_9' title="bbox 283 2530 1669 2619">
    <p class='ocr_par' dir='ltr' id='par_1_9' title="bbox 283 2530 1669 2619">
     <span class='ocr_line' id='line_1_18' title="bbox 283 2530 1669 2619; baseline -0.001 -24"><span class='ocrx_word' id='word_1_133' title='bbox 283 2530 823 2619; x_wconf 79' lang='lat' dir='ltr'>adplaudentibus</span> <span class='ocrx_word' id='word_1_134' title='bbox 855 2530 1092 2595; x_wconf 84' lang='lat' dir='ltr'>inficeti</span> <span class='ocrx_word' id='word_1_135' title='bbox 1121 2530 1298 2618; x_wconf 78' lang='lat' dir='ltr'>vulgi</span> <span class='ocrx_word' id='word_1_136' title='bbox 1329 2530 1669 2619; x_wconf 78' lang='lat' dir='ltr'>suffragiis,</span> 
     </span>
    </p>
   </div>
   <div class='ocr_carea' id='block_1_10' title="bbox 321 2738 2353 2933">
    <p class='ocr_par' dir='ltr' id='par_1_10' title="bbox 321 2738 2353 2933">
     <span class='ocr_line' id='line_1_19' title="bbox 321 2738 2353 2819; baseline -0.001 -16"><span class='ocrx_word' id='word_1_137' title='bbox 321 2740 558 2805; x_wconf 81' lang='lat' dir='ltr'><strong>xxJV.</strong></span> <span class='ocrx_word' id='word_1_138' title='bbox 625 2740 743 2804; x_wconf 88' lang='lat' dir='ltr'>JO.</span> <span class='ocrx_word' id='word_1_139' title='bbox 803 2738 1188 2804; x_wconf 85' lang='lat' dir='ltr'>HILDEBR.</span> <span class='ocrx_word' id='word_1_140' title='bbox 1241 2738 1735 2803; x_wconf 86' lang='lat' dir='ltr'>WITHOFIUS</span> <span class='ocrx_word' id='word_1_141' title='bbox 1756 2785 1775 2819; x_wconf 91' lang='lat'>‚</span> <span class='ocrx_word' id='word_1_142' title='bbox 1826 2738 2085 2801; x_wconf 79' lang='lat' dir='ltr'>Encaen.</span> <span class='ocrx_word' id='word_1_143' title='bbox 2140 2740 2353 2803; x_wconf 83' lang='lat' dir='ltr'>Critic.</span> 
     </span>
     <span class='ocr_line' id='line_1_20' title="bbox 879 2842 1788 2933; baseline -0.002 -26"><span class='ocrx_word' id='word_1_144' title='bbox 879 2844 988 2909; x_wconf 85' lang='lat' dir='ltr'>lib.</span> <span class='ocrx_word' id='word_1_145' title='bbox 1022 2844 1154 2925; x_wconf 91' lang='lat'>111,</span> <span class='ocrx_word' id='word_1_146' title='bbox 1187 2868 1324 2933; x_wconf 86' lang='lat' dir='ltr'>cap.</span> <span class='ocrx_word' id='word_1_147' title='bbox 1357 2842 1431 2925; x_wconf 80' lang='lat'>3,</span> <span class='ocrx_word' id='word_1_148' title='bbox 1465 2865 1607 2933; x_wconf 86' lang='lat' dir='ltr'>pag.</span> <span class='ocrx_word' id='word_1_149' title='bbox 1644 2864 1788 2929; x_wconf 84' lang='lat'><strong>297.</strong></span> 
     </span>
    </p>
   </div>
   <div class='ocr_carea' id='block_1_11' title="bbox 281 3022 2390 3329">
    <p class='ocr_par' dir='ltr' id='par_1_11' title="bbox 281 3022 2390 3329">
     <span class='ocr_line' id='line_1_21' title="bbox 361 3022 2390 3113; baseline -0.001 -22"><span class='ocrx_word' id='word_1_150' title='bbox 361 3030 506 3093; x_wconf 84' lang='lat' dir='ltr'>Hoc</span> <span class='ocrx_word' id='word_1_151' title='bbox 547 3050 776 3091; x_wconf 79' lang='lat' dir='ltr'>verum</span> <span class='ocrx_word' id='word_1_152' title='bbox 809 3042 943 3108; x_wconf 84' lang='lat' dir='ltr'>est,</span> <span class='ocrx_word' id='word_1_153' title='bbox 976 3042 1306 3091; x_wconf 82' lang='lat' dir='ltr'>auctorem</span> <span class='ocrx_word' id='word_1_154' title='bbox 1349 3026 1530 3089; x_wconf 89' lang='lat' dir='ltr'>illum</span> <span class='ocrx_word' id='word_1_155' title='bbox 1574 3024 2077 3113; x_wconf 85' lang='lat' dir='ltr'>(Maximianum</span> <span class='ocrx_word' id='word_1_156' title='bbox 2104 3022 2127 3110; x_wconf 94' lang='lat'>)</span> <span class='ocrx_word' id='word_1_157' title='bbox 2158 3024 2390 3089; x_wconf 87' lang='lat' dir='ltr'>Ovidio</span> 
     </span>
     <span class='ocr_line' id='line_1_22' title="bbox 281 3130 2383 3223; baseline -0.002 -24"><span class='ocrx_word' id='word_1_158' title='bbox 281 3134 536 3222; x_wconf 84' lang='lat' dir='ltr'>quidem</span> <span class='ocrx_word' id='word_1_159' title='bbox 561 3184 581 3217; x_wconf 91' lang='lat'>,</span> <span class='ocrx_word' id='word_1_160' title='bbox 647 3133 986 3223; x_wconf 86' lang='lat' dir='ltr'>Propertio</span> <span class='ocrx_word' id='word_1_161' title='bbox 1011 3181 1029 3215; x_wconf 85' lang='lat'><strong>,</strong></span> <span class='ocrx_word' id='word_1_162' title='bbox 1082 3156 1156 3197; x_wconf 89' lang='lat' dir='ltr'>ac</span> <span class='ocrx_word' id='word_1_163' title='bbox 1205 3132 1466 3197; x_wconf 88' lang='lat' dir='ltr'>Tibullo</span> <span class='ocrx_word' id='word_1_164' title='bbox 1518 3132 1782 3197; x_wconf 88' lang='lat' dir='ltr'>minime</span> <span class='ocrx_word' id='word_1_165' title='bbox 1838 3130 2343 3220; x_wconf 87' lang='lat' dir='ltr'>comparandum</span> <span class='ocrx_word' id='word_1_166' title='bbox 2365 3180 2383 3213; x_wconf 93' lang='lat'>,</span> 
     </span>
     <span class='ocr_line' id='line_1_23' title="bbox 283 3230 2387 3329; baseline -0.001 -26"><span class='ocrx_word' id='word_1_167' title='bbox 283 3242 490 3305; x_wconf 76' lang='lat' dir='ltr'>multis</span> <span class='ocrx_word' id='word_1_168' title='bbox 525 3258 743 3305; x_wconf 84' lang='lat' dir='ltr'>tamen</span> <span class='ocrx_word' id='word_1_169' title='bbox 776 3240 1188 3329; x_wconf 85' lang='lat' dir='ltr'>sequentium</span> <span class='ocrx_word' id='word_1_170' title='bbox 1225 3230 1605 3304; x_wconf 75' lang='lat' dir='ltr'>saeculorum</span> <span class='ocrx_word' id='word_1_171' title='bbox 1637 3238 1875 3328; x_wconf 86' lang='lat' dir='ltr'>poetis,</span> <span class='ocrx_word' id='word_1_172' title='bbox 1917 3238 2029 3327; x_wconf 88' lang='lat' dir='ltr'>qui</span> <span class='ocrx_word' id='word_1_173' title='bbox 2071 3254 2221 3325; x_wconf 86' lang='lat' dir='ltr'>post</span> <span class='ocrx_word' id='word_1_174' title='bbox 2253 3239 2387 3302; x_wconf 86' lang='lat' dir='ltr'>An-</span> 
     </span>
    </p>
   </div>
   <div class='ocr_carea' id='block_1_12' title="bbox 284 3343 2386 3538">
    <p class='ocr_par' dir='ltr' id='par_1_12' title="bbox 284 3343 2386 3538">
     <span class='ocr_line' id='line_1_24' title="bbox 284 3343 2386 3434; baseline -0.001 -27"><span class='ocrx_word' id='word_1_175' title='bbox 284 3348 648 3411; x_wconf 85' lang='lat' dir='ltr'>toninorum</span> <span class='ocrx_word' id='word_1_176' title='bbox 681 3362 974 3434; x_wconf 80' lang='lat' dir='ltr'>tempora</span> <span class='ocrx_word' id='word_1_177' title='bbox 1006 3344 1406 3425; x_wconf 84' lang='lat' dir='ltr'>floruerunt,</span> <span class='ocrx_word' id='word_1_178' title='bbox 1434 3344 1536 3409; x_wconf 80' lang='lat' dir='ltr'>vel</span> <span class='ocrx_word' id='word_1_179' title='bbox 1576 3366 1792 3431; x_wconf 84' lang='lat' dir='ltr'>parem</span> <span class='ocrx_word' id='word_1_180' title='bbox 1816 3391 1834 3423; x_wconf 93' lang='lat'>,</span> <span class='ocrx_word' id='word_1_181' title='bbox 1866 3344 1965 3407; x_wconf 86' lang='lat' dir='ltr'>vel</span> <span class='ocrx_word' id='word_1_182' title='bbox 2003 3362 2168 3429; x_wconf 68' lang='lat' dir='ltr'>saepe</span> <span class='ocrx_word' id='word_1_183' title='bbox 2195 3343 2386 3432; x_wconf 82' lang='lat' dir='ltr'>longe</span> 
     </span>
     <span class='ocr_line' id='line_1_25' title="bbox 285 3450 991 3538; baseline 0.004 -28"><span class='ocrx_word' id='word_1_184' title='bbox 285 3450 804 3538; x_wconf 83' lang='lat' dir='ltr'>anteponendum</span> <span class='ocrx_word' id='word_1_185' title='bbox 836 3472 991 3515; x_wconf 87' lang='lat' dir='ltr'>esse.</span> 
     </span>
    </p>
   </div>
   <div class='ocr_carea' id='block_1_13' title="bbox 511 4130 2144 4201">
    <p class='ocr_par' dir='ltr' id='par_1_13' title="bbox 511 4130 2144 4201">
     <span class='ocr_line' id='line_1_26' title="bbox 511 4130 2144 4201; baseline -0.001 0"><span class='ocrx_word' id='word_1_186' title='bbox 511 4138 676 4201; x_wconf 89' lang='lat' dir='ltr'>VII.</span> <span class='ocrx_word' id='word_1_187' title='bbox 2064 4130 2144 4200; x_wconf 81' lang='lat'>13</span> 
     </span>
    </p>
   </div>
  </div>
 </body>
</html>
