2964 4690
526 347 660 420 382

1331 357 1846 426 SYMPOSII

1283 519 1537 588 XLII.
1592 523 1877 590 BETA.

614 647 812 715 Tou
847 669 1049 715 vocor
1090 648 1358 736 Graece,
1411 649 1525 718 sed
1563 676 1706 720 non
1756 677 1906 722 sum
1956 667 2095 723 tota
2130 655 2403 744 Latine;

620 761 792 828 Ante
830 771 1058 824 tamen
1094 755 1383 826 mediam
1420 762 1747 854 cauponis
1782 762 2032 857 scripta
2074 763 2413 834 tabernam

619 871 701 938 In
729 867 924 937 terris
954 889 1215 954 nascor,
1259 865 1532 963 lympha
1567 869 1772 959 lavor,
1810 899 2033 970 ungor
2070 873 2269 943 olivo.

603 1031 646 1065 1.
667 1016 790 1062 Beta
817 1025 1052 1059 vocar...
1085 1009 1195 1058 beta
1217 1011 1394 1060 Latino
1410 1010 1477 1061 A.
1497 1022 1549 1063 et

522 1095 582 1148 B.
603 1103 654 1148 et
676 1091 738 1144 C.
763 1087 953 1140 Glossa
981 1097 1158 1140 tamen
1186 1085 1242 1139 in
1267 1087 1326 1140 B.
1346 1086 1552 1142 addidit

523 1179 634 1242 lege
659 1184 784 1222 tota.
818 1172 938 1218 Tota
963 1185 1120 1217 vocor
1155 1166 1293 1220 Pith.
1319 1179 1370 1220 et
1402 1168 1549 1223 Cast.

521 1253 616 1326 qui
637 1249 714 1304 sic
730 1243 896 1302 edidit
915 1243 1124 1298 Pithoeo
1143 1257 1550 1319 auctore,quum

521 1329 688 1386 codex
711 1329 822 1400 ejus
846 1330 966 1376 Beta
992 1323 1234 1378 haberet.
1253 1331 1378 1377 Beta
1394 1346 1554 1378 vocor·

525 1411 736 1466 Gra-cis.
751 1447 764 1459 .
778 1443 791 1457 .
841 1407 949 1456 beta
986 1406 1176 1456 latinis
1207 1404 1326 1458 Per.
1366 1406 1547 1460 Barth.

523 1491 661 1544 Adv.
692 1485 908 1550 XXVI,
933 1483 1030 1547 28,
1063 1484 1340 1538 lectionem
1370 1485 1550 1538 Perio-

523 1570 601 1624 nii
633 1567 983 1639 amplectens,
1023 1563 1159 1615 mire
1194 1576 1467 1636 argutatur
1492 1569 1549 1618 in

522 1648 696 1703 verbis
714 1665 814 1697 non
839 1662 944 1694 sum
965 1645 1074 1694 beta
1103 1645 1286 1694 latinis
1306 1680 1322 1706 ,
1346 1655 1399 1696 et
1425 1663 1549 1696 con-

523 1741 744 1783 tractam
799 1742 828 1776 a
873 1734 1024 1794 poeta
1080 1722 1155 1774 ait
1203 1740 1314 1776 esse
1360 1742 1548 1776 vocem

522 1813 691 1869 beata,
716 1815 776 1856 ut
807 1821 869 1856 ex
891 1823 926 1854 a
952 1812 1005 1854 et
1033 1821 1060 1852 e
1087 1799 1188 1860 ἦτα.
1222 1802 1373 1854 fieret
1397 1803 1548 1855 Grn-

522 1906 665 1943 cum.
685 1885 770 1937 Ita
785 1882 929 1935 enim
950 1878 1128 1933 dicere
1149 1879 1384 1950 plantam
1403 1881 1549 1933 illam

524 1973 684 2020 betam
725 1960 925 2016 Graecis
984 1957 1092 2012 dici
1113 2000 1129 2024 ,
1185 1958 1278 2011 sed
1333 1961 1551 2013 minime

525 2053 718 2101 beatam
739 2039 944 2096 Latinis
971 2056 1111 2098 esse,
1131 2035 1274 2108 apud
1303 2055 1439 2108 quos
1465 2056 1549 2090 ⁸0-

524 2129 632 2182 leat
659 2118 884 2196 proponi
919 2113 1273 2188 pauperculis.
1316 2146 1387 2156 —
1427 2121 1550 2166 Tota

526 2225 682 2260 vocor
708 2207 880 2253 Gra-ce
895 2235 910 2261 ‚
929 2197 1033 2247 hoc
1053 2205 1161 2260 est,
1190 2199 1312 2245 Beta
1327 2233 1343 2254 ,
1367 2213 1468 2246 vox
1498 2207 1551 2248 et

525 2302 722 2341 nomen
740 2280 908 2333 literae
923 2313 938 2339 ,
961 2275 1004 2327 si
1026 2287 1129 2324 tota
1152 2273 1549 2344 pronuntiatur,

524 2380 603 2423 est
619 2366 830 2425 Grnm,
857 2355 951 2411 sed
975 2374 1083 2407 nou
1113 2368 1212 2405 tota
1229 2391 1245 2417 ,
1277 2372 1470 2423 nempe
1495 2356 1552 2405 be

527 2446 720 2502 dicitur
749 2438 954 2493 Latine.
971 2432 1100 2488 vid.
1130 2444 1309 2487 notata
1343 2433 1412 2486 ad
1444 2434 1550 2485 Co-

526 2526 655 2578 lum.
693 2522 842 2573 Hort.
871 2534 942 2567 vs.
972 2514 1089 2567 251.
1125 2512 1232 2578 Qui
1271 2518 1395 2564 Beta
1424 2512 1553 2566 scri-

525 2613 744 2680 pserunt
770 2598 1012 2660 codices,
1055 2594 1278 2666 glossam
1309 2605 1363 2646 et
1388 2593 1551 2646 inter-

526 2690 914 2760 pretamentum
986 2672 1189 2726 librarii
1257 2672 1511 2725 exhibent
1530 2709 1547 2736 ‚

527 2784 636 2840 quo
663 2755 951 2831 aenignnatis
980 2753 1301 2824 ambiguitas
1324 2752 1479 2823 perit.

596 2864 643 2897 a.
665 2838 957 2907 Pauperibus
975 2852 1164 2900 semper
1173 2850 1394 2900 propono
1411 2850 1551 2883 nam-

528 2944 625 2993 que
669 2918 880 2971 taberm's
927 2914 988 2965 B.
1028 2912 1319 2979 Pauperibus
1362 2930 1553 2977 semper

521 3018 772 3074 proponet·
790 3012 1005 3061 namque
1023 2993 1235 3041 tabernis
1261 2990 1323 3042 C.
1347 3001 1401 3042 et
1432 2989 1551 3043 Per.

525 3084 629 3137 Pro
651 3098 712 3133 eo
733 3076 896 3130 alium
912 3071 1071 3143 plane
1082 3087 1552 3142 versum‚eumque

529 3161 829 3219 meliorem,
851 3148 1063 3203 exhibet
1086 3145 1353 3200 Pithoeus:
1381 3172 1404 3194 ι
1418 3148 1551 3201 Ante

527 3255 706 3295 tamen
761 3230 988 3289 median]
1037 3226 1290 3297 cauponis
1351 3226 1549 3299 scripta

527 3320 800 3372 tabernam
823 3336 846 3357 ι
873 3328 885 3363 :
930 3326 1092 3381 quem
1122 3304 1336 3379 quidem
1367 3318 1419 3359 et
1458 3312 1552 3363 Ca-

527 3396 680 3451 stalio
707 3390 904 3452 edidit3
943 3385 1035 3441 sed
1072 3386 1126 3439 in
1158 3386 1359 3439 scholio
1389 3384 1551 3455 signi-

527 3476 651 3530 ficat
669 3510 684 3535 ‚
731 3472 784 3525 in
810 3467 996 3522 codice
1034 3484 1131 3519 suo
1155 3476 1442 3536 utrumque
1467 3482 1554 3517 ex-

528 3555 715 3611 stitisse
733 3588 750 3616 ,
777 3562 830 3603 et
861 3545 1205 3619 posteriorem
1232 3550 1363 3597 Ante
1387 3558 1551 3597 tamen

530 3638 743 3690 mediam
778 3630 846 3684 ab
884 3645 947 3679 eo
983 3644 1082 3697 pro
1114 3624 1293 3697 spurio
1332 3622 1550 3689 haberi;

531 3717 585 3769 in
619 3730 727 3785 quo
754 3706 961 3762 enavit.
986 3736 1064 3757 -a
1092 3710 1226 3757 Ante
1257 3718 1416 3755 tamen
1449 3724 1551 3756 me-

530 3800 686 3849 diam.
715 3786 816 3845 Sed
841 3786 888 3839 si
907 3803 1014 3837 vox
1045 3802 1104 3836 ea
1132 3790 1256 3834 Beta
1287 3793 1552 3837 ante‘me·

528 3874 672 3929 diam
719 3865 970 3939 cauponis
1020 3863 1297 3917 tabernam
1357 3861 1549 3933 scripta

529 3952 812 4024 reperitur,
851 3962 1043 3998 nomen
1070 3954 1147 3995 est
1182 3942 1369 4011 plantae
1390 3981 1405 4007 ,
1431 3958 1549 4011 qum

529 4033 602 4085 ibi
638 4028 884 4101 coquitur
909 4034 958 4077 et
987 4020 1251 4074 venditur.
1290 4020 1549 4073 Taberna

1634 1011 1900 1066 habebant
1932 1012 2192 1085 quosdam
2220 1014 2429 1082 titulos,
2466 1027 2559 1069 aut
2584 1017 2665 1070 in·

1634 1091 2665 1241 gangfiigitgfaffinguggmffigss

1951 1213 1965 1224 .
2073 1212 2089 1239 ,
2172 1210 2189 1236 ‚
2318 1215 2331 1226 .
2360 1200 2385 1220 σε

1634 1261 1787 1302 erant
1804 1249 1947 1303 circa
1968 1250 2141 1302 sorum
2160 1289 2175 1312 ,
2205 1269 2266 1304 ac
2292 1265 2501 1308 scutum
2527 1253 2663 1307 illud

1636 1328 1774 1399 signi
1830 1329 1995 1400 gratia
2047 1329 2275 1400 positum
2300 1356 2341 1383 ι.
2396 1331 2661 1399 (Scutum

1635 1407 1934 1460 Marianum
1960 1407 2287 1464 Cimbricum
2313 1423 2435 1464 ante
2460 1431 2663 1466 memo-

1634 1499 1873 1551 raverat,
1904 1489 1959 1540 in
1994 1508 2103 1561 quo
2132 1489 2311 1562 imago
2345 1491 2485 1546 Galli
2520 1491 2663 1564 picta

1634 1571 1789 1637 erat.)
1814 1568 2038 1622 Gesneri
2064 1569 2337 1640 explicatio
2363 1569 2524 1642 hujus
2543 1591 2665 1625 ver·

1635 1664 1724 1698 sus
1741 1685 1757 1709 ,
1778 1665 1887 1719 qua
1914 1658 2091 1719 putat,
2110 1648 2341 1702 tabernis
2358 1667 2662 1721 cauponum

1633 1724 1939 1797 inscriptam
1981 1723 2141 1780 fuisse
2188 1727 2391 1781 literam
2433 1728 2475 1779 B
2492 1768 2509 1794 ,
2544 1746 2665 1800 que

1637 1803 2008 1876 significaverit
2028 1811 2224 1873 bonam,
2240 1825 2399 1878 quam
2421 1807 2581 1860 etiam
2604 1809 2663 1862 in

1633 1884 1910 1936 Thesauro
1940 1902 2039 1936 suo
2064 1885 2280 1956 repetiit
2298 1923 2315 1950 ,
2352 1885 2665 1940 duriuscule

1637 1961 1848 2015 videtur
1884 1961 2172 2034 Heynazio.
2200 1962 2350 2017 Vana
2382 1964 2539 2018 etiam
2573 1983 2662 2017 ar-

1635 2042 1840 2112 gutatio
1888 2041 2097 2094 videtur
2142 2041 2245 2095 viri
2291 2042 2431 2097 docti
2449 2083 2465 2110 ,
2500 2062 2663 2115 quam

1634 2119 1949 2192 exemplaris
1966 2121 2069 2173 mei
2090 2121 2321 2192 margini
2340 2121 2663 2194 adscriptam

1636 2201 1842 2272 reperio
1860 2237 1876 2263 ‚
1899 2203 2116 2252 mediam
2136 2200 2411 2254 tabernam
2430 2201 2516 2255 hic
2535 2201 2665 2268 dici,

1637 2279 1761 2352 quia
1820 2281 1878 2330 be
1926 2292 2102 2333 teneat
2144 2279 2384 2333 medium
2427 2281 2484 2333 in
2529 2299 2668 2334 voce

1637 2364 1862 2412 taberna.
1885 2360 1991 2427 Qui
2012 2358 2285 2413 nonnullis
2308 2360 2363 2412 in
2390 2359 2667 2413 codicibus

1637 2438 1765 2491 hnic
1783 2440 1964 2505 ‚versui
1997 2440 2305 2493 substitutus
2330 2450 2442 2491 est:
2480 2463 2503 2485 ι
2525 2439 2667 2493 Pau-

1637 2511 1850 2581 peribus
1888 2529 2109 2582 semper,
2138 2522 2237 2563 etc.
2258 2535 2313 2573 ι,
2347 2510 2559 2563 effictus
2591 2511 2669 2563 vi·
2726 2530 2731 2533 ·

1637 2588 1815 2653 detur,
1844 2601 1902 2642 ut
1922 2589 2150 2643 Castalio
2172 2601 2351 2642 monet
2371 2628 2387 2655 ,
2414 2606 2479 2641 ex
2500 2588 2668 2643 Persii

1636 2668 1743 2723 Sat.
1777 2670 1860 2721 111
1883 2686 1897 2721 :
1937 2694 1963 2714 e·
1985 2668 2189 2741 plebeia
2228 2666 2419 2721 radere
2458 2668 2583 2721 beta
2604 2694 2631 2715 ο
2648 2708 2665 2731 ,

1636 2762 1729 2801 aut
1758 2768 1788 2801 e
1807 2748 2063 2801 Martialis
2082 2748 2249 2819 epigr.
2272 2748 2334 2801 13
2356 2747 2477 2800 libri
2494 2748 2632 2801 xm
2647 2789 2664 2815 ‚

1636 2828 1729 2881 ubi
1744 2832 1867 2880 beeoe
1883 2839 2140 2882 vocantur
2152 2830 2371 2895 prandia
2376 2827 2665 2895 fabrorm.

1636 2906 1933 2960 —AnthoL
1959 2908 2153 2969 Lat-V,
2185 2905 2248 2959 52
2270 2925 2284 2958 τ
2320 2906 2486 2959 -betae
2508 2905 2665 2979 pigro

1635 2986 1804 3041 ventri
1830 3006 1939 3040 non
1961 2986 2177 3039 inutiles
2199 3009 2241 3036 ι.
2267 2985 2373 3037 En.

1710 3067 1759 3120 3.
1785 3072 1847 3119 In
1874 3070 2013 3119 ten-is
2039 3066 2161 3119 Per.
2191 3076 2243 3117 et
2262 3064 2405 3118 Cast.
2439 3070 2499 3115 In
2526 3078 2667 3115 terra

1638 3148 1703 3200 E.
1726 3156 1779 3199 et
1804 3146 1945 3199 Pith.
1975 3158 2025 3199 et
2064 3146 2188 3198 Bas.
2229 3142 2376 3215 quod
2405 3143 2664 3213 profero:

1638 3245 1802 3295 ungor
1822 3228 1947 3277 olivo
1962 3225 2078 3278 Per.
2094 3237 2145 3277 et
2164 3223 2303 3277 Pith.
2316 3242 2510 3291 unguor
2529 3226 2665 3273 oliva

1640 3306 1765 3360 Cast
1773 3310 2031 3374 .—Ungur
2048 3308 2192 3357 οἱίνο.
2214 3304 2346 3357 Sunt
2364 3301 2478 3375 ipsa
2496 3302 2665 3355 verba

1641 3384 1873 3449 Horatii,
1893 3384 2061 3437 Serm.
2086 3384 2135 3450 1,
2164 3384 2217 3445 6,
2250 3400 2370 3434 122.
2406 3384 2543 3433 otim
2572 3400 2663 3433 re-

1640 3464 1774 3519 ctius
1800 3482 1959 3536 quam
1993 3466 2135 3515 oliva.
2174 3463 2387 3515 Servius
2411 3458 2481 3513 ad
2502 3460 2664 3532 Virg.

1640 3542 1849 3597 AEneid.
1872 3542 1955 3594 VI
1974 3580 1991 3607 ,
2036 3540 2134 3595 225
2160 3558 2175 3595 ε
2224 3568 2247 3587 ιι
2266 3541 2385 3593 suso
2434 3550 2667 3595 crateres

1640 3623 1781 3676 olivo
1804 3647 1825 3667 ι·
1857 3640 1871 3674 :
1920 3623 2093 3673 olivum
2132 3620 2201 3673 ab
2245 3622 2379 3671 oliva
2418 3616 2625 3671 dictum
2646 3655 2663 3681 ‚

1638 3720 1764 3755 nam
1785 3702 1959 3755 oleum
1981 3701 2050 3752 ab
2068 3700 2179 3752 olea
2202 3694 2411 3751 dicitur.
2430 3698 2506 3749 Ita
2528 3714 2669 3767 quo-

1638 3800 1744 3854 que
1781 3776 2093 3833 Prudentius
2111 3815 2126 3841 ,
2167 3776 2345 3830 Perist.
2384 3776 2481 3835 lv,
2524 3793 2625 3829 τοι
2646 3793 2661 3826 :

1639 3862 1789 3914 -Arte
1807 3858 2013 3912 virtutis
2026 3856 2275 3929 fideique,
2293 3856 2436 3909 olivo
2450 3854 2667 3906 Unctus

1636 3937 1964 3991 horrendum
1991 3934 2181 3989 didicit
2206 3934 2425 3987 domare
2442 3932 2667 3985 Viribus

1636 4018 1841 4071 hostem
1858 4038 1881 4059 υ
1896 4056 1909 4067 .
1928 4014 2063 4067 Bm«.

1413 4134 1785 4161 2*-
