2964 4690
873 367 1007 436 DE
1055 367 1775 436 INSITIONIBUS.

367 489 490 559 Sub
523 486 806 558 thalami
845 487 1060 582 specie
1099 486 1319 557 felices
1348 489 1637 584 jungere
1672 489 1899 576 silvaS,

448 603 538 669 Ut
569 595 786 667 soboli
829 598 1064 668 mistus
1098 613 1353 668 creseat
1388 601 1724 693 utrimque
1759 599 1994 670 decor:

370 712 881 803 Connexumque
916 733 1152 778 nemus
1193 710 1435 778 vestire
1470 709 1807 779 adfinibus
1843 713 2133 798 umbris,
2348 743 2392 780 ιε

454 824 539 889 Et
579 821 848 914 gemina
886 834 1156 913 partum
1199 819 1555 889 nobilitare
1594 843 1830 890 coma:

373 930 740 999 Foederibus
781 927 1043 999 blandis
1078 927 1304 999 dulces
1343 928 1753 999 confundere
1789 954 2055 1018 succ-OS,

454 1043 538 1109 Et
583 1038 792 1109 fetum
837 1038 1092 1134 duplici
1135 1037 1328 1134 fruge
1369 1039 1623 1134 saporis
1659 1039 1745 1109 ali
1776 1065 1795 1109 ε
2122 1031 2131 1044 ’

371 1151 526 1238 Quae
551 1150 794 1244 quibus
820 1149 1190 1243 hospitium
1220 1163 1534 1243 praestent
1568 1148 1855 1244 virgulta
1894 1150 2145 1222 docebo
2164 1209 2183 1238 ,

455 1262 624 1350 Quae
660 1258 747 1328 sit
788 1257 1120 1351 adoptivis
1159 1257 1362 1326 arbor
1397 1272 1639 1328 onusta
1682 1261 1911 1329 comiS.
2020 1333 2027 1340 ,

369 1373 510 1462 Ipse
553 1367 688 1463 poli
735 1382 976 1453 rector,
1017 1393 1154 1461 quo
1197 1365 1414 1436 lucida
1451 1368 1665 1437 sidera
1710 1387 2023 1459 currunt,

461 1481 617 1569 Quo
661 1477 790 1546 fixa
827 1491 926 1547 est
969 1475 1202 1564 telluS‚
1245 1501 1380 1571 quo
1424 1477 1575 1547 fluit
1618 1479 1798 1548 unda
1841 1484 2089 1567 maris‚'

369 1589 592 1677 Quum
628 1601 850 1681 posset
891 1587 1119 1656 mistos
1156 1587 1358 1656 ramis
1397 1586 1713 1656 inducere
1752 1589 1985 1679 floreS,

461 1701 546 1767 Et
579 1699 763 1767 varia
808 1697 1153 1792 gravidum
1189 1699 1465 1792 pingere
1503 1698 1739 1767 fronde
1771 1725 2005 1772 nemus
2027 1757 2046 1789 ,

370 1809 704 1902 Dignatus
740 1823 1002 1877 nostros
1035 1807 1165 1876 hoe
1202 1808 1521 1902 insignire
1557 1807 1839 1894 labores,
2088 1805 2095 1817 '
2354 1835 2400 1874 ‚s

461 1920 786 1988 Naturam
829 1917 974 1988 fieri
1021 1918 1238 1987 sanxit
1273 1917 1358 1986 ab
1403 1933 1547 1988 arte
1582 1943 1849 1988 novam.

349 2112 426 2164 13.
461 2114 556 2162 &ab
577 2113 786 2162 thalami
805 2111 977 2179 specie,
995 2109 1031 2162 i.
1051 2128 1096 2162 e.
1116 2109 1290 2181 specie
1379 2108 1548 2179 magis
1586 2109 1745 2162 arbor
1766 2109 2059 2162 conveniat.
2094 2109 2243 2190 Iege
2272 2111 2402 2164 Plin.

277 2189 544 2244 connubii.
577 2188 1040 2280 Quemadmodum
1070 2188 1180 2241 duo
1203 2207 1293 2258 pa·

279 2281 450 2322 tentes
481 2268 678 2322 diversi
709 2267 914 2340 generis
949 2285 1110 2320 unam
1147 2267 1297 2320 sobo·

275 2350 374 2401 lem
405 2362 726 2419 procl-enum
776 2349 848 2401 ita
890 2345 1012 2402 duoe
1047 2347 1297 2399 arborum

273 2428 468 2499 speeies
491 2428 552 2479 in
589 2445 646 2480 se
683 2426 912 2479 invicem
937 2425 1104 2479 insita
1132 2442 1297 2478 unum

277 2508 644 2579 eumdemque,
701 2508 934 2560 fructum
1006 2510 1296 2579 proferunt.

275 2586 392 2641 Seu.
417 2618 492 2629 —-
515 2587 769 2641 solennes
785 2585 952 2658 poetis
977 2598 1100 2638 sunt
1123 2584 1179 2637 in
1211 2584 1300 2639 de-

275 2664 572 2719 scribendis
605 2665 940 2719 insitionibus
979 2662 1300 2734 metaphora

273 2744 565 2812 connubii,
618 2744 854 2809 amoris,
897 2742 1134 2808 foederis,
1175 2741 1300 2795 ado-

271 2825 493 2895 ptionis,
517 2823 829 2895 pignorum,
855 2822 1104 2894 hospitii,
1141 2822 1262 2875 laris
1281 2860 1298 2887 ,

273 2904 612 2966 commercii,
644 2901 840 2973 quibus
869 2900 1114 2955 omnibns
1143 2902 1302 2955 etiam

271 2982 524 3054 ‹lei-ceps
579 2982 772 3035 Noeta
823 2981 1006 3035 utitur.
1063 2980 1304 3034 Suaviter

271 3061 526 3133 inprimis
569 3060 798 3125 Plinius,
831 3060 928 3113 lib.
957 3059 1092 3113 XVI
1131 3060 1305 3132 princ.

271 3140 598 3193 -Pomiferae
623 3140 914 3193 arbores...
941 3140 1052 3191 sive
1085 3139 1186 3192 iltae
1223 3138 1307 3191 ul-

269 3232 352 3272 tro
369 3258 388 3282 ‚
420 3221 542 3274 sive
561 3220 634 3274 ab
649 3219 866 3272 bomine
895 3218 1129 3273 didicere
1151 3218 1304 3270 blan-

267 3298 370 3352 dos
385 3297 916 3371 saporesadoptione
929 3308 980 3350 et
993 3298 1307 3351 connubio-u.

265 3409 338 3418 —
375 3380 574 3431 Pelices
583 3380 804 3447 jungere
826 3380 991 3429 silvas.
1032 3376 1310 3442 Horatius,

267 3456 450 3529 Epod.
495 3458 553 3511 11
575 3495 594 3521 ,
637 3476 730 3511 1²:
779 3457 1145 3528 ·1nutilesque
1177 3455 1312 3509 falce

265 3555 460 3590 ramos
491 3549 773 3608 amputans
783 3536 1065 3590 Feliciores
1082 3534 1312 3588 imeritn.

265 3615 338 3668 Et
357 3618 526 3687 Virg.
551 3616 748 3687 Georg.
763 3617 837 3678 11,
851 3616 938 3682 82,
954 3615 1024 3668 de
1035 3614 1278 3668 insitione
1297 3632 1311 3667 τ

263 3720 292 3738 ·
307 3714 416 3749 nee
475 3696 700 3766 longum
745 3707 954 3767 tempus
970 3736 985 3761 ,
1035 3707 1088 3748 et
1130 3696 1315 3766 ingens

265 3774 418 3826 Exiit
453 3774 532 3827 ad
557 3776 746 3828 celum
779 3774 938 3827 ramis
967 3774 1211 3827 felicibus
1234 3791 1316 3825 ar—

263 3851 432 3905 hor-»-
459 3852 602 3905 Sunt
623 3873 752 3907 vero
769 3853 911 3906 silva
929 3866 980 3905 et
999 3852 1130 3907 rami
1137 3854 1318 3921 felices

267 3930 504 3984 arboris
537 3932 740 3986 feracis.

351 4011 454 4063 15.
491 4014 748 4075 Adfim'bus
773 4014 980 4073 umbris,
1021 4010 1146 4083 quia
1171 4009 1222 4061 in
1250 4008 1328 4061 in-

1381 2187 1572 2250 xvn,
1597 2189 1680 2241 13.
1710 2189 1876 2240 Docet
1896 2201 2071 2240 tamen
2091 2171 2406 2255 Columella,

1383 2285 1444 2318 ex
1469 2266 1714 2319 omnibus
1740 2267 2049 2320 arboribus
2031 2287 2087 2320 111
2114 2287 2297 2322 omnes
2321 2288 2401 2322 ar-

1383 2345 1539 2399 bores
1565 2345 1679 2399 fieri
1709 2365 1864 2418 posse
1902 2347 2188 2401 insitiones.
2219 2350 2405 2404 Coun.

1387 2426 1540 2479 conf.
1586 2426 1780 2497 Heynii
1834 2426 2033 2480 adnott.
2082 2426 2152 2480 ad
2197 2429 2407 2501 Virgilii

1384 2504 1578 2577 Georg.
1608 2507 1667 2558 11
1687 2545 1703 2572 ,
1737 2510 1822 2573 69.

1461 2587 1541 2639 18.
1579 2590 1646 2637 Et
1684 2592 1843 2639 Ioecum
1884 2586 2047 2639 edidit
2083 2588 2241 2641 Gesn.
2280 2607 2403 2642 cum

1385 2664 1503 2718 Ald-
1535 2666 1611 2719 St.
1638 2665 1731 2717 Gr.
1760 2666 1909 2718 Com.
1931 2664 2214 2735 sedsoetum
2238 2668 2407 2721 Rivin.

1385 2743 1774 2814 rectius:quod
1808 2743 1976 2815 ipsum
2015 2746 2171 2796 etiam
2210 2746 2411 2799 Gesne-

1387 2842 1478 2877 rus
1506 2824 1815 2895 suspicatur,
1837 2836 1894 2875 ut
1920 2823 2075 2875 modo
2088 2836 2302 2891 paream.

1467 2918 1547 2969 19.
1570 2908 1691 2970 Quae
1711 2904 1879 2969 quibus
1895 2905 2149 2969 bospitimn
2156 2919 2407 2971 praestent.

1395 2982 1478 3033 lta
1505 3000 1582 3031 vs.
1613 2998 1707 3033 too
1735 2992 1784 3032 et
1818 2984 1915 3032 116
1944 2986 2095 3033 larem
2124 2994 2292 3036 vocat.
2336 2984 2413 3036 Ita

1394 3080 1471 3113 vs.
1491 3060 1557 3112 33
1583 3085 1607 3104 κ
1623 3059 1883 3131 hospitem
1909 3080 2173 3133 gemmam
2190 3087 2213 3106 n
2233 3062 2425 3134 adpek

1395 3140 1496 3205 lat,
1522 3152 1573 3191 et
1598 3140 1740 3193 Zeno
1771 3139 1839 3191 de
1874 3152 2154 3193 resurrect.
2197 3141 2297 3193 sub
2326 3142 2421 3195 fin.

1396 3246 1420 3265 ‹-
1435 3220 1658 3291 hospitis
1674 3220 1923 3291 germinis
1939 3218 2183 3291 adoptiva
2200 3221 2425 3292 pingue-

1397 3296 1581 3351 dine».
1613 3298 1830 3351 Bucen.

1471 3396 1557 3430 ao.
1600 3380 1845 3446 Adoptivis
1882 3378 1965 3430 vel
2000 3382 2249 3445 adoptatis
2278 3384 2426 3431 arbor

1400 3472 1576 3509 onusta
1608 3460 1777 3509 comis.
1812 3458 2018 3510 Colum.
2052 3457 2203 3511 Hort.
2228 3479 2282 3511 v.
2313 3460 2380 3529 39
2408 3478 2422 3511 ε

1402 3564 1428 3583 α
1446 3537 1615 3589 aliena
1635 3536 1795 3609 stirpe
1812 3548 2025 3608 gravata
2044 3538 2188 3589 Mitis
2211 3536 2428 3609 adopta-

1401 3617 1466 3669 tis
1484 3630 1735 3669 curvetur
1750 3616 1988 3687 frugibus
2002 3618 2155 3670 arbos
2169 3644 2210 3668 »-
2226 3619 2424 3670 Iterum

1403 3695 1507 3750 hoc
1550 3696 1718 3748 utitur
1756 3697 1945 3749 Noster
1986 3715 2066 3749 vs.
2098 3702 2195 3759 144
2221 3708 2272 3747 et
2311 3702 2427 3751 160.

1406 3780 1597 3827 Onusta
1625 3777 1773 3826 comis
1802 3793 1909 3825 non
1937 3775 2061 3827 satis
2088 3786 2208 3844 apte
2228 3774 2435 3829 dictum

1405 3853 1649 3917 videtur-3
1679 3854 1865 3906 melius
1900 3852 2059 3907 Ovid.
2095 3854 2246 3906 Rem.
2286 3857 2425 3923 196:

1424 3933 1761 4005 uperegrinis
1788 3932 1944 3985 arbor
1963 3946 2151 4017 operta
2174 3933 2381 3985 comis·

1488 4004 1569 4058 25.
1602 4008 1806 4055 Nostros
1838 4008 1931 4055 Ιιοσ
1953 4006 2028 4054 ins
2032 4006 2137 4071 ign
2088 4024 2137 4054 m
2131 4008 2193 4053 're
2218 4006 2435 4062 labores,

267 4086 486 4141 sitione
517 4089 854 4161 quoeoendum
883 4100 960 4143 est
969 4106 1120 4161 ,quie
1138 4088 1329 4158 cuique
1415 4086 1519 4137 hoe
1551 4084 1727 4137 fructu
1760 4081 1841 4135 vel
1872 4081 2117 4133 honore
2104 4080 2331 4149 insignes
2365 4082 2439 4133 fa·
