2964 4690
514 371 653 460 544

580 1413 633 1465 7.
659 1396 774 1444 Non
793 1392 900 1442 sine
916 1389 1283 1452 Hamadtyadis
1295 1389 1415 1457 fato
1438 1407 1529 1439 ca-

508 1479 585 1530 dit
624 1475 830 1525 morea
876 1473 1026 1522 vobs.
1080 1469 1339 1542 Nympha
1381 1487 1530 1541 quai,

510 1565 641 1609 teste
659 1548 842 1608 Servio
860 1587 877 1614 ,
917 1567 1040 1603 cum
1068 1547 1347 1602 arboribus
1375 1547 1533 1601 simul

508 1646 565 1688 et
605 1640 902 1686 nascuntur
947 1641 1001 1681 et
1042 1627 1327 1682 intereunt.
1374 1625 1533 1682 Unde

506 1713 773 1784 eleganter
810 1706 952 1780 apud
988 1707 1287 1760 Barclai'um
1328 1707 1383 1760 in
1428 1707 1534 1759 Eu-

505 1788 819 1880 phormione
844 1785 1146 1860 principum
1173 1787 1329 1840 amici
1350 1786 1417 1840 de
1446 1805 1530 1841 se:

508 1863 789 1923 «Potentia
819 1865 1103 1920 cadimus
1087 1885 1143 1918 ιιι
1169 1865 1382 1920 interitu
1414 1887 1531 1920 ma·

510 1959 767 2022 gnatum,
796 1957 856 1999 ut
875 1964 993 2017 quae
1019 1943 1285 2018 Nympho
1310 1964 1432 2000 cum
1452 1967 1534 2000 ar·

510 2028 731 2082 boribus
758 2022 1101 2079 moriuntur·
1108 2023 1257 2078 ‚Eas
1291 2025 1533 2081 Catullus

650 2101 937 2160 Naiadibus
971 2105 1180 2176 posuit,
1228 2101 1305 2157 uti
1342 2116 1393 2158 et
1429 2126 1533 2179 pro

506 2127 792 2242 §tsedibus
807 2181 1030 2237 Ovidius
1045 2181 1195 2255 ponit
1206 2181 1536 2260 Hamadrya-

510 2265 620 2320 des.
639 2263 758 2326 His,
773 2281 837 2315 ex
856 2258 1106 2334 Hesiodo,
1129 2259 1241 2336 ipse
1260 2263 1532 2320 Ausonius

508 2344 637 2400 alibi
658 2343 823 2396 vitam
848 2335 1203 2413 longissimam
1233 2341 1434 2399 tribuit.

582 2426 635 2479 8.
679 2430 787 2493 Quo
821 2437 1067 2497 generata
1104 2428 1286 2477 Venus.
1329 2424 1531 2497 Nempe

509 2502 636 2559 cali
664 2498 948 2575 pudenda,
978 2520 1007 2553 e
1034 2500 1226 2573 quibus
1249 2521 1277 2555 a
1302 2500 1531 2558 Saturno

509 2582 646 2637 falce
662 2576 919 2646 abscissis,
933 2596 996 2632 ac
1022 2578 1079 2632 in
1102 2598 1246 2635 mare
1272 2578 1532 2655 delapsis,

508 2674 621 2715 orta
644 2658 827 2713 Venus
854 2669 947 2711 est.

582 2759 634 2809 9.
655 2746 796 2793 Inter
819 2758 960 2808 nepes
987 2740 1234 2807 Scythicas
1263 2740 1393 2794 stetit
1414 2744 1536 2796 alid.

506 2822 593 2871 bus
612 2818 837 2872 crux.1n
856 2818 1093 2873 Caucaso
1111 2833 1289 2874 monte
1304 2821 1534 2895 Scythia

509 2898 732 2953 fabulati
749 2911 871 2953 sunt
885 2896 1117 2953 adfixum
1136 2900 1533 2970 Prometheum,

507 2991 561 3033 et
612 2997 892 3034 renascens
945 2997 1155 3053 semper
1204 2982 1320 3054 ejus
1378 2984 1535 3057 J'ecur

507 3056 739 3129 aquilam
771 3056 1002 3131 depasci.

586 3156 667 3191 11.
722 3142 784 3189 Et
831 3140 944 3189 dita
990 3158 1135 3190 aeone
1128 3140 1189 3189 ea
1239 3154 1377 3193 creat
1424 3161 1528 3195 eos.

507 3212 772 3288 Adspersa
835 3214 1033 3269 scilieet
1088 3216 1183 3271 illo
1253 3218 1530 3295 sanguine.

508 3294 669 3351 ovid
698 3314 760 3350 ex
784 3315 975 3369 spuma
1008 3296 1226 3355 Cerberi
1251 3319 1315 3353 ex
1338 3299 1532 3354 Inferis

508 3374 577 3429 ab
598 3374 822 3431 Hercule
848 3374 1024 3431 educti
1049 3391 1234 3433 natum
1260 3381 1534 3434 aconitum

508 3454 801 3523 fabulatur,
835 3474 945 3510 non
982 3476 1046 3512 ex
1078 3456 1383 3515 Promethei
1416 3478 1532 3513 san-

507 3534 685 3607 guine.
714 3534 806 3587 Cos
828 3534 919 3589 hic
943 3548 1022 3592 est
1045 3536 1251 3593 Cautes.
1280 3534 1345 3592 In
1366 3539 1532 3593 cauti·

508 3612 613 3667 bus
650 3632 809 3685 porro
850 3614 1026 3682 nasci,
1072 3629 1124 3670 et
1166 3614 1290 3671 inde
1332 3617 1531 3673 habere

508 3710 705 3745 nomen
731 3729 749 3757 ‚
806 3692 1075 3766 proditum
1124 3708 1205 3750 est
1252 3696 1388 3751 Plin.
1438 3696 1530 3752 lib.

510 3770 733 3825 XXVII
750 3812 765 3839 ‚
792 3792 909 3847 cap.
933 3776 963 3829 3
984 3794 1001 3828 :
1035 3800 1059 3823 ι
1078 3774 1321 3831 Nascitur
1346 3774 1402 3830 in
1428 3796 1531 3830 nu·

509 3851 591 3905 dis
610 3849 864 3919 cautibus,
878 3872 1012 3926 quas
1026 3872 1221 3909 aconas
1242 3854 1530 3912 nominant.

510 3930 577 3982 Et
618 3926 737 3984 ideo
787 3932 1056 3986 aconitum
1108 3934 1272 4007 aliqui
1328 3932 1535 4000 dixere,

512 4007 660 4099 nullo
705 4012 885 4081 juxta,
943 4030 1010 4065 ne
1055 4014 1273 4085 pulvere
1318 4014 1532 4088 quidem

512 4098 775 4143 nutriente
794 4115 839 4144 »-

1348 375 1798 445 AUSONII

510 499 667 570 Non
704 497 847 566 sine
876 493 1357 592 Hamadryadis
1391 496 1529 565 fato
1565 497 1743 566 cadit
1769 498 2047 567 arborea

515 612 673 699 Quo
708 623 1019 705 generata
1051 612 1319 696 Venus,
1356 607 1666 678 Saturnia
1695 607 1990 680 desecuit

512 722 701 792 Sicca
737 720 911 788 inter
947 741 1147 812 rupes
1178 717 1518 814 Scythicas
1547 721 1729 789 stetit
1759 719 2027 790 alitibus

512 831 712 901 Unde
740 829 1138 900 Prometheo
1176 827 1259 898 de
1294 855 1576 925 corpore
1611 831 2013 927 sanguineus

510 941 870 1038 Adspergit
902 955 1160 1028 mutes,
1209 955 1278 1010 et
1309 937 1453 1009 dira
1496 941 1758 1011 aconita
1798 957 1980 1012 creat

510 1054 749 1147 Ibycus
786 1065 864 1121 ut
896 1051 1131 1147 periit,
1166 1047 1409 1122 vindex
1446 1049 1576 1121 fuit
1611 1049 1964 1122 altivolans
2157 1133 2168 1144 .

512 1159 796 1234 AEacidoe
832 1161 917 1232 ad
953 1159 1285 1231 tumulum
1322 1177 1609 1232 mactata
1646 1178 1746 1232 est
1776 1161 2254 1234 Andromachae

2341 501 2540 570 trabs,

2253 691 2262 700 ,
2377 611 2538 680 falx.

2351 746 2539 791 crux.

2399 857 2545 921 ros,
2591 862 2641 888 ιο

2403 969 2536 1014 cos,

2363 1077 2539 1147 grus,

2378 1160 2538 1257 glos.

1697 1404 1778 1438 ια.
1809 1387 1982 1450 ijem·
2025 1397 2078 1435 m
2107 1385 2281 1452 periit,
2325 1384 2517 1435 vindex
2533 1383 2646 1450 sitit

1618 1468 1879 1518 altivolans
1919 1483 2058 1533 grus.
2100 1463 2296 1535 Ibycus
2337 1481 2398 1515 ex
2445 1479 2642 1514 novem

1619 1543 1821 1618 Lyrieis
1859 1542 2058 1596 Graecis
2089 1540 2260 1613 poetis
2293 1559 2430 1595 unus
2448 1579 2463 1604 ,
2508 1558 2540 1594 a
2566 1540 2644 1592 la-

1617 1621 1859 1677 tronibus
1877 1661 1894 1688 ,
1921 1634 1980 1676 ut
2003 1620 2166 1675 refert
2186 1620 2401 1684 snfflzs.
2437 1619 2493 1673 in
2519 1619 2644 1672 soli-

1619 1701 1803 1756 tudine
1822 1701 2208 1776 deprebensus,
2235 1717 2400 1772 quum
2435 1701 2548 1773 J'am
2585 1699 2640 1750 in

1619 1801 1683 1838 eo
1726 1793 1894 1849 esset,
1933 1793 1991 1835 ut
2031 1782 2097 1834 ab
2132 1779 2196 1834 iis
2230 1779 2646 1840 interficeretur,

1619 1879 1775 1934 grues
1797 1861 1934 1915 forte
1957 1859 2076 1914 illac
2099 1869 2427 1913 transeuntes
2453 1857 2643 1910 mortis

1617 1958 1726 1994 suae
1749 1952 1906 1995 testes
1937 1950 1990 1993 et
2014 1939 2253 1993 vindices
2280 1939 2394 1992 fore
2422 1937 2644 1990 commi-

1619 2031 1770 2074 natus
1792 2031 1882 2074 est.
1903 2019 2086 2075 Paullo
2111 2033 2232 2092 post
2251 2030 2447 2082 autem,
2473 2035 2640 2088 quum

1619 2099 1677 2152 in
1702 2099 1834 2154 urbe
1855 2099 2026 2154 media
2053 2111 2390 2155 versarentur
2415 2095 2450 2149 ii
2477 2097 2640 2150 latro-

1618 2196 1712 2231 nes
1730 2220 1747 2246 ‚
1780 2179 2235 2252 sapen-volantibus
2261 2177 2396 2231 forte
2421 2175 2642 2247 gruibus

1619 2275 1717 2329 per
1729 2260 1910 2332 jocum
1928 2260 2254 2314 insusurrare
2272 2257 2370 2311 sibi
2388 2255 2442 2308 in
2458 2273 2642 2316 aurem

1616 2348 1880 2411 coeperunt
1892 2376 1908 2404 ‚
1945 2339 2000 2392 αἱ
2019 2334 2188 2394 tetam
2216 2335 2389 2393 Ινδυιοι
2405 2334 2642 2407 πάρεισιν.

1618 2416 1810 2488 Quod,
1852 2438 2017 2493 quum
2065 2418 2307 2473 auditum
2353 2433 2388 2471 a
2423 2414 2643 2470 circum-

1618 2500 1874 2554 stantibus
1893 2538 1909 2563 ,
1940 2513 1991 2554 et
2016 2498 2087 2553 ad
2111 2500 2473 2571 magistratum
2505 2496 2642 2549 dela-

1617 2590 1732 2633 tum
1755 2592 1888 2633 esset
1902 2618 1918 2648 ,
1950 2576 2316 2651 comprehensi
2335 2578 2562 2630 latrones
2579 2594 2642 2630 ae

1619 2678 1732 2713 rem
1765 2658 1822 2713 in
1852 2658 2125 2712 tormentis
2155 2656 2380 2711 confessi
2403 2693 2420 2719 ,
2463 2673 2642 2727 penas

1619 2738 1899 2795 dederunt.
1927 2736 2112 2792 Exstat
2151 2738 2220 2792 de
2254 2736 2359 2791 hoc
2395 2736 2646 2809 epigram·

1621 2836 1704 2873 ma
1760 2816 2024 2891 Antipatri
2086 2818 2144 2871 in
2188 2816 2502 2889 Anthologia
2523 2856 2539 2881 ,
2583 2814 2640 2867 in

1621 2918 1751 2972 quo,
1777 2901 2025 2973 clangore
2067 2918 2256 2973 gruum
2296 2899 2648 2973 supervolan-

1619 2981 1752 3033 tium
1774 2980 2034 3053 judicium
2063 2980 2259 3035 factum
2277 3019 2293 3045 ,
2324 2994 2378 3035 et
2407 2981 2641 3034 latrones

1619 3072 1800 3134 captos
1840 3066 2177 3114 memoratur.
2217 3058 2374 3114 Unde
2411 3062 2641 3113 Vindius

1619 3140 1757 3204 Ibyci
1781 3158 1932 3208 grues
1960 3138 2154 3212 potiori
2178 3138 2300 3212 jure
2328 3136 2434 3193 dici
2461 3138 2643 3195 viden-

1620 3230 1746 3284 tur,
1788 3234 1949 3291 quam
2001 3220 2046 3273 si
2098 3218 2488 3273 insusurrantes
2543 3236 2640 3273 suo

1620 3298 1854 3371 ipsorum
1906 3298 2098 3353 indicio
2147 3296 2376 3353 latrones
2427 3300 2642 3375 periisse

1622 3376 2139 3431 dicantur.—Posset
2147 3398 2361 3453 quoque
2375 3378 2476 3433 hoc
2486 3396 2641 3433 versu

1620 3474 1720 3532 pro
1761 3460 1956 3511 vindex
1997 3456 2098 3533 legi
2140 3464 2323 3525 index,
2359 3460 2549 3514 ultima
2586 3459 2640 3513 in

1607 3538 1759 3605 periit
1786 3536 2058 3611 producta.
2087 3538 2193 3593 En.

1695 3612 1779 3670 13.
1801 3620 2043 3672 AEacidoe.
2072 3618 2290 3672 Achillis
2314 3622 2468 3675 AEaci
2489 3638 2646 3692 nepo-

1619 3696 1701 3750 tis.
1733 3730 1803 3741 —
1829 3700 2191 3752 Andromacha
2216 3705 2346 3769 μοι.
2385 3700 2644 3775 Polyxena

1618 3795 1767 3831 soror
1788 3776 2028 3833 Hectoris
2051 3779 2223 3833 mariti
2245 3779 2644 3841 Andromache,

1623 3860 1989 3912 Andromacha·
2007 3864 2134 3929 glos.
2169 3858 2323 3914 Juxta
2353 3858 2564 3914 Festum
2592 3874 2643 3915 et

1621 3938 1852 3991 Nonium
1869 3944 1984 4007 glos
1999 3977 2014 4002 ,
2037 3942 2190 4007 glotis
2213 3938 2282 3992 de
2305 3940 2476 3993 mariti
2502 3961 2645 3995 soro·

1621 4040 1706 4086 re,
1743 4032 1900 4092 atque
1939 4018 2236 4094 pariter—de
2273 4020 2446 4076 fratris
2481 4040 2646 4077 uxore

1621 4098 1831 4153 dicitur.
