2964 4690
1109 373 1721 442 AENIGMATA.

2332 382 2469 454 383

951 555 1230 621 XLIII.
1283 553 1882 626 CUCURBITA.

443 698 766 784 Panum,
800 700 962 770 dum
997 726 1266 788 nascor3
1304 727 1535 772 rursus
1570 703 1923 798 pendendo
1970 720 2309 791 tumesco;

441 806 746 876 Pendens
791 835 1218 880 commoveor
1257 812 1496 898 ventiS‚
1535 827 1601 880 et
1636 814 1901 882 nutrior
1929 816 2151 887 undis,

423 971 470 1006 1.
501 959 688 1008 Rursus
721 963 836 1010 dum
857 964 1025 1028 pendo
1063 976 1276 1012 tumesco
1301 962 1362 1014 A.

346 1043 400 1084 et
430 1033 489 1086 Β.
518 1045 570 1086 et
595 1037 658 1089 C.
687 1057 850 1090 rursm
867 1045 1134 1108 pendendo
1153 1055 1364 1093 tumesco

347 1111 464 1164 Per.
495 1118 610 1166 dum
650 1121 846 1183 pendeo
878 1139 1060 1172 nascor
1097 1121 1236 1174 Pith.
1260 1121 1364 1174 hoc

345 1193 532 1245 eratin
553 1194 758 1249 Codice
781 1197 1124 1266 Castalionis‚
1143 1200 1235 1272 qui
1253 1219 1366 1255 cor·

343 1271 474 1322 rexit
500 1283 550 1323 et
569 1271 734 1326 edidit
773 1279 886 1328 dum
903 1283 1126 1345 pendeo,
1155 1300 1320 1332 cresco
1344 1301 1363 1332 .-

346 1347 510 1420 idque
564 1354 776 1424 sequuti
833 1369 954 1409 sunt
1025 1361 1365 1430 posteriores,

343 1425 692 1484 Heumannus
730 1435 918 1502 etiam,
958 1449 1011 1490 et
1054 1439 1226 1512 Heyn.
1258 1439 1364 1493 Sed

345 1505 726 1564 Bunemannus
774 1515 1106 1570 retinendam
1160 1521 1364 1574 censuit

344 1586 620 1658 antiquam
657 1592 820 1646 trium
849 1595 1092 1649 codicum
1111 1610 1163 1650 et
1189 1599 1366 1652 Perio-

341 1665 422 1718 nii
455 1665 733 1722 lectionem
773 1676 888 1724 dum
904 1681 1096 1742 pendo,
1138 1679 1222 1732 vel
1237 1699 1363 1748 pen?

343 1747 510 1796 dendo
537 1762 770 1816 mmesco,
797 1763 850 1803 et
873 1753 976 1805 nisi
1007 1754 1110 1808 hoc
1129 1757 1361 1828 placeat,

343 1825 420 1876 sic
432 1825 582 1897 fingit
597 1845 611 1878 :
630 1834 830 1881 Pendeo
843 1836 957 1883 dum
973 1853 1173 1899 nascor,
1182 1857 1366 1904 nst-sus,

341 1909 460 1955 dum
485 1921 658 1958 ventre
696 1923 927 1978 ueneno,
970 1918 1200 1966 Pcndcns
1233 1937 1364 1968 com-

341 2002 537 2034 moveor
566 1989 744 2041 veneis.
775 1988 886 2060 Ego
921 2009 1045 2044 vero
1068 1992 1147 2045 illi
1181 1990 1364 2048 adsen-

341 2060 424 2115 tio
443 2100 459 2125 ,
517 2075 570 2115 et
629 2065 909 2120 lectionem
952 2070 1186 2124 Perionii
1251 2093 1360 2127 ser·

341 2159 434 2193 vo.
487 2172 559 2183 —
603 2149 784 2198 Rursus
819 2152 1088 2214 pendendo
1133 2165 1361 2208 tumesco.

340 2219 427 2273 Ita
492 2221 876 2281 incrementum
939 2231 1227 2286 cucurbita
1268 2232 1358 2288 de·

339 2298 586 2356 scribunt
632 2317 819 2375 poetae.
867 2305 1160 2364 Columella
1207 2311 1360 2367 Hort.

344 2399 395 2431 v.
427 2380 531 2444 384
562 2398 576 2432 z
621 2407 644 2429 ι
667 2383 872 2454 globosi
905 2386 1179 2459 Corporis,
1204 2407 1364 2465 atque

340 2470 496 2511 utero
515 2459 736 2514 nimium
753 2482 872 2535 quae
892 2480 1034 2521 vasta
1055 2472 1298 2526 tumescit
1316 2498 1361 2525 ιο.

339 2536 586 2609 Propert.
637 2542 742 2606 IV,
785 2564 813 2596 a
834 2582 850 2609 ,
881 2546 947 2608 43
989 2564 1003 2598 :
1051 2548 1362 2605 «Caeruleus

337 2619 581 2671 cucumis
591 2660 606 2686 ,
621 2620 928 2695 tumidoque
939 2629 1218 2684 cucurbita
1239 2650 1366 2684 ven·

339 2710 422 2751 tre
445 2723 488 2752 ι.
520 2698 586 2752 In
611 2706 878 2768 pendendo
921 2706 1108 2761 ultima
1145 2709 1358 2783 corripi·

337 2788 450 2841 tur,
503 2796 654 2831 more
698 2784 1004 2854 aequiorum
1057 2799 1364 2859 poetarum,

337 2858 492 2929 cujus
510 2858 624 2927 jam
650 2861 821 2913 multa
853 2865 1086 2937 exempla
1111 2866 1360 2922 vidimus.

337 2966 408 2974 —
425 2935 632 2990 Unicus
653 2949 831 2993 tamen
862 2943 1010 2997 locus
1033 2945 1174 3017 apud
1201 2948 1362 3001 Ovid.

335 3014 502 3087 Epist.
524 3018 625 3085 IX,
645 3038 698 3075 v.
723 3026 843 3087 126,
858 3024 913 3076 in
932 3026 1159 3097 vulgatis
1179 3027 1364 3082 editio-

335 3096 498 3149 nibus
537 3098 762 3172 legitur:
800 3130 822 3151 ι
846 3106 958 3159 Nec
982 3109 1128 3162 venit
1147 3110 1361 3163 incultis

333 3187 616 3247 captarum
643 3198 792 3237 more
835 3188 1041 3258 capillis
1071 3189 1360 3243 Fortunam

335 3260 518 3313 vultus
563 3262 702 3316 fassa
738 3266 961 3337 tegendo
991 3287 1114 3323 suos
1128 3296 1168 3320 n.
1194 3268 1299 3322 Sed
1329 3288 1360 3323 a

336 3338 506 3393 doctis
557 3342 682 3396 viris
737 3359 980 3401 censetur
1039 3362 1318 3422 corruptus
1342 3391 1359 3418 ,

334 3438 662 3495 quamquam
683 3424 906 3479 Vossius
924 3465 940 3491 ‚
979 3430 1086 3481 Art.
1125 3431 1358 3483 Gramm.

337 3498 428 3563 11,
456 3522 573 3574 cap.
598 3522 687 3575 27,
729 3505 789 3558 id
808 3504 1093 3562 defendere
1119 3522 1362 3563 conatur.

336 3581 596 3637 Praeterea
619 3598 697 3639 est
715 3588 959 3641 Juvenal.
981 3589 1088 3642 Sat.
1109 3589 1224 3657 111,
1244 3591 1363 3655 232,

334 3680 501 3733 quem
538 3664 712 3718 adfert
741 3668 894 3721 Voss.
928 3669 1236 3723 «Plurimus
1272 3668 1362 3721 hic

337 3758 481 3811 oeger
495 3736 723 3798 mori'tur
733 3746 1030 3819 vigilando,
1048 3748 1139 3801 sed
1159 3748 1310 3801 illum
1320 3772 1364 3800 ιο.

335 3822 410 3872 Α(
439 3821 529 3875 ille
565 3842 664 3877 nec
700 3826 926 3899 Augusti
963 3827 1212 3901 temporis
1250 3836 1360 3890 est,

337 3901 616 3974 multaque
640 3904 802 3959 habet
823 3905 1010 3958 similia
1033 3924 1148 3979 quac
1177 3906 1234 3958 in
1251 3924 1362 3958 me-

336 3985 488 4038 lioris
522 3986 616 4038 aevi
656 3986 864 4058 scriptis
905 3986 1114 4038 absunt.
1148 3985 1256 4038 En.
1294 4016 1361 4025 -—

337 4064 453 4116 Nec
469 4062 734 4138 refugiam
751 4064 907 4117 trium
930 4063 1172 4117 codicum
1191 4062 1362 4116 lectio·

1449 979 1575 1014 nem
1604 965 1719 1013 dum
1731 967 1918 1030 pendo,
1938 979 2173 1033 tumesco,
2196 969 2291 1022 ubi
2300 977 2471 1039 pendo

1449 1052 1585 1094 esset
1615 1042 1831 1112 gravior
1850 1043 1953 1107 fio,
1979 1044 2193 1115 pondus
2216 1047 2459 1121 adquiro.

1449 1119 1627 1172 Verba
1634 1125 1831 1188 pendeo
1848 1134 1899 1174 et
1907 1127 2078 1190 pendo·
2100 1127 2329 1180 subinde
2346 1148 2465 1200 per-

1449 1211 1723 1253 mutantur
1750 1201 1807 1254 in
1833 1201 2125 1270 codicibus,
2147 1206 2225 1258 uti
2246 1208 2467 1262 Vossius

1449 1281 1522 1332 V.
1552 1280 1617 1332 C.
1642 1280 1824 1352 virgil.
1858 1283 2050 1355 Georg.
2093 1285 2183 1350 11,
2226 1305 2301 1340 vs.
2327 1288 2429 1342 ⁵23
2447 1329 2464 1356 ,

1447 1358 1660 1411 notavit.

1522 1457 1571 1489 2.
1598 1443 1827 1492 Pendens
1868 1439 1983 1493 dum
2022 1461 2220 1496 moveor
2250 1445 2311 1496 Ε.
2338 1450 2467 1499 velis

1448 1532 1500 1569 ee
1533 1517 1651 1569 Per.
1687 1521 1775 1586 qui
1798 1524 1989 1572 nutrior
2026 1523 2089 1575 D.
2127 1553 2201 1564 -—-
2236 1530 2465 1578 Pendere-5

1448 1617 1751 1651 commoveor
1765 1603 1944 1654 ventis.
1964 1602 2079 1655 Hoc
2108 1602 2315 1657 videtur
2337 1625 2465 1658 con·

1448 1677 1667 1729 trarium
1697 1696 1809 1730 esse
1827 1678 2033 1746 Plinio,
2058 1683 2151 1754 qui
2191 1683 2283 1736 lib.
2308 1685 2464 1747 xlx,

1449 1774 1496 1808 c.
1524 1754 1573 1820 5,
1594 1775 1639 1808 s.
1664 1762 1750 1820 24,
1780 1757 1871 1808 ubi
1904 1757 1972 1810 de
1994 1765 2266 1812 cameras-io
2286 1780 2471 1816 cucur-

1448 1834 1571 1886 hitoe
1602 1853 1822 1906 genere,
1841 1836 1897 1888 h.
1926 1856 1977 1891 e.
2002 1857 2085 1904 eo,
2112 1838 2259 1911 quod
2285 1841 2339 1893 in
2377 1861 2467 1896 ca·

1449 1930 1622 1964 meras
1659 1925 1711 1965 et
1747 1915 1995 1985 pergulas
2032 1917 2269 1982 scandit,
2304 1934 2470 1993 atque

1448 1991 1576 2044 inde
1600 1991 1865 2064 dependet
1896 2012 1909 2044 :
1943 2021 1969 2041 α
1988 1997 2123 2049 mire
2152 2000 2296 2052 tenui
2317 2003 2468 2074 pedi·

1449 2069 1572 2124 culo
1608 2068 1833 2125 libratur
1850 2071 2060 2145 pondus
2089 2077 2361 2132 immobile
2381 2101 2473 2134 aua·

1447 2167 1521 2203 1·oe
1545 2174 1589 2202 ι.
1617 2151 1803 2221 Itaque
1828 2152 1940 2204 fere
1964 2171 2029 2205 eo
2056 2157 2387 2226 propendeo,
2404 2173 2463 2214 ut

1447 2246 1573 2281 cum
1593 2229 1757 2282 altero
1770 2228 1953 2283 codice
1970 2230 2314 2302 Lugdunensi
2340 2239 2467 2290 scri-

1447 2308 1609 2362 bam:
1659 2313 1883 2362 Periclem·
1920 2313 2036 2361 dum
2085 2331 2307 2380 moveor,
2348 2318 2385 2371 i.
2417 2338 2465 2373 e.

1447 2387 1577 2441 dum
1618 2388 1855 2462 pendens
1888 2408 2176 2461 promoveo
2204 2406 2257 2447 et
2289 2415 2469 2452 cresco

1448 2466 1506 2520 in
1531 2468 1750 2540 longum
1764 2510 1779 2535 ,
1802 2471 1966 2520 ventis
1995 2484 2045 2521 et
2075 2475 2266 2524 ημῖν-ἔοι·
2284 2480 2431 2528 undis
2448 2516 2466 2545 ‚

1445 2546 1506 2601 h.
1546 2566 1593 2600 e.
1628 2546 1931 2617 adspirante
1968 2558 2021 2601 et
2044 2562 2316 2622 vegetante
2338 2570 2467 2609 aura

1446 2647 1555 2680 non
1580 2627 1755 2679 minus
1773 2662 1789 2689 ‚
1818 2644 1977 2697 quam
2000 2628 2143 2682 unda
2170 2632 2465 2705 propinqua

1446 2707 1669 2759 nutrior.
1716 2703 1861 2758 Illud
1902 2708 2089 2757 nutrior
2124 2713 2269 2760 undis
2306 2728 2467 2764 nemo

1445 2787 1793 2858 interpretum
1828 2784 2124 2857 explicavit.
2164 2786 2269 2840 Sed
2298 2790 2464 2861 expli-

1447 2878 1535 2920 cat
1583 2863 1879 2919 Columella
1924 2866 2073 2919 Hort.
2105 2884 2152 2919 v.
2192 2868 2296 2937 394
2318 2887 2464 2942 seqq.

1449 2946 1541 2999 ubi
1579 2944 1648 2999 de
1674 2944 1937 3018 pendente
1972 2945 2027 2997 in
2056 2945 2266 3000 trichila
2310 2968 2469 3003 cucu-

1448 3043 1592 3078 mere
1607 3065 1622 3091 ,
1647 3022 1792 3098 quod
1829 3022 1968 3077 idem
1991 3023 2057 3078 de
2084 3026 2358 3080 cucurbita
2377 3046 2467 3081 va-

1449 3106 1553 3172 let,
1574 3106 1677 3169 ait,
1700 3105 1743 3158 si
1758 3104 1803 3157 ei
1820 3124 1957 3175 aqua
1980 3104 2157 3159 vicina
2176 3107 2469 3180 contingat,

1448 3185 1589 3239 hanc
1621 3184 1756 3237 mire
1791 3202 1967 3237 amare
2006 3195 2057 3237 et
2090 3184 2268 3256 sequi,
2301 3204 2468 3259 eaque

1449 3284 1504 3318 re
1519 3264 1724 3318 tenuari
1742 3304 1757 3329 ,
1779 3262 2065 3317 candidum
2082 3305 2098 3330 ,
2114 3265 2321 3317 mollem
2347 3265 2464 3320 dul-

1449 3364 1670 3416 cemque
1686 3344 1820 3396 fleri.
1835 3342 1993 3397 Plinii
2018 3344 2377 3397 testimonium
2393 3344 2462 3399 ad

1448 3444 1572 3478 eum
1612 3440 1823 3476 versum
1864 3421 2267 3493 adscripsimus,
2296 3426 2468 3495 quiet

1451 3504 1543 3556 lib.
1566 3502 1725 3568 xlx,
1746 3520 1789 3553 s.
1822 3508 1919 3565 24,
1947 3499 2015 3553 de
2041 3502 2327 3555 cucurbitis
2358 3506 2461 3557 ait:

1451 3608 1477 3631 «ι
1500 3584 1693 3633 Amant
1710 3582 1858 3653 rigua
1882 3600 1943 3635 ac
1971 3581 2155 3633 fimum
2178 3608 2218 3631 n.
2254 3582 2321 3635 Et
2340 3582 2453 3638 Pal-

1449 3661 1621 3715 ladius
1642 3699 1657 3724 ,
1685 3661 1773 3713 lib.
1801 3660 1900 3725 IV,
1926 3660 1981 3712 in
2010 3660 2231 3723 Martio,
2270 3662 2350 3716 tit.
2392 3682 2459 3732 9,

1453 3742 1519 3795 8:
1552 3764 1573 3786 ι
1598 3740 1767 3811 Longi
1804 3752 1856 3792 et
1895 3741 2062 3793 teneri
2098 3740 2236 3793 fiunt
2272 3743 2460 3809 (cucu-

1447 3822 1639 3889 meres)
1665 3819 1709 3873 si
1728 3838 1919 3891 aquam
1950 3819 2002 3872 in
2028 3820 2227 3891 patenti
2249 3821 2459 3873 vasculo

1450 3901 1549 3955 sub
1578 3900 1651 3951 eis
1678 3916 1873 3971 ponas,
1892 3898 2103 3953 duobus
2120 3898 2307 3971 palmis
2334 3900 2463 3951 inse-

1450 3980 1673 4040 riorem,
1710 3975 1777 4030 nd
1813 3996 1973 4049 quam
2012 3975 2305 4029 festinando
2333 3978 2461 4030 tales

1451 4058 1749 4113 efficientur
1768 4081 1811 4106 ιι.
