2964 4690
514 388 653 463 350

1310 390 1826 458 SYMPOSII

1226 580 1782 669 AENIGMA
1845 582 1910 668 Ι.

893 777 1443 848 GRAPHIUM
1493 780 1720 849 SIVE
1769 780 2148 893 sTYsz
2181 778 2235 844 ⁴³.

602 950 711 1016 Du
746 968 1007 1015 summo
1042 942 1318 1039 planus,
1355 943 1469 1014 sed
1505 968 1642 1013 non
1677 968 1802 1038 ego
1837 943 2076 1039 planus
2107 945 2178 1011 in
2215 945 2386 1029 imo;

604 1060 851 1127 Versor
892 1054 1229 1149 utrimque
1266 1078 1509 1140 manu,
1561 1053 1822 1123 diversa
1865 1042 1956 1122 et‘
1977 1078 2252 1122 munera
2294 1052 2582 1146 fungor3

602 1164 831 1237 Altera
862 1189 1017 1261 pars
1066 1179 1363 1253 revocat,
1398 1163 1730 1260 quidquid
1766 1189 1918 1258 pars
1959 1163 2166 1233 altera
2203 1163 2380 1233 fecit.

578 1368 605 1395 *
630 1370 706 1418 De
744 1367 958 1434 graphio
990 1368 1234 1435 scriptoris
1254 1366 1315 1417 A.
1352 1364 1422 1435 Et
1448 1365 1524 1416 sic

507 1462 698 1507 omnes,
707 1444 844 1497 tituli
856 1445 916 1497 in
930 1443 1048 1498 cod.
1064 1444 1123 1496 A.
1138 1442 1526 1514 suntinscripti,

506 1544 557 1577 e.
572 1542 625 1595 g.
646 1529 710 1576 de
727 1527 993 1590 arundine,
1006 1528 1069 1575 de
1086 1528 1241 1589 clave,
1259 1534 1358 1576 etc.
1392 1562 1403 1576 .

584 1621 629 1654 1.
665 1607 741 1654 De
775 1619 961 1654 summo
1000 1607 1200 1670 plantes.
1246 1601 1522 1673 Duplicem

504 1681 626 1755 styli
648 1697 821 1745 usum,
841 1670 1099 1753 siquidem
1118 1680 1355 1734 exaltem
1375 1692 1525 1751 parte

504 1759 680 1813 literas
709 1762 1019 1824 exarabant,
1046 1778 1109 1812 ex
1130 1759 1295 1811 altera
1316 1776 1490 1811 ceram
1511 1800 1526 1822 ‚

506 1840 603 1893 ubi
621 1851 769 1893 erant
791 1840 1056 1909 inscalptae
1082 1838 1242 1890 literae
1257 1879 1272 1903 ,
1296 1838 1525 1908 compla-

500 1921 805 1984 nabant‚et
836 1916 1080 1969 Aurelius
1118 1916 1437 1968 Prudentius
1466 1918 1520 1967 in

502 2000 717 2072 Hymno
734 1998 786 2051 S.
810 1996 1045 2049 Cassiani
1064 1992 1313 2066 Martyris
1344 1993 1524 2064 prodit

503 2076 863 2133 hisvcrsibus:
890 2102 911 2121 ι
938 2072 1169 2126 Indealii
1193 2073 1526 2138 stimulos,et

502 2156 747 2212 acumina
768 2156 938 2209 ferrea
979 2152 1215 2219 vibrant,
1235 2152 1353 2216 Qua
1374 2164 1523 2221 purte

502 2236 661 2289 aratis
694 2253 811 2287 cera
846 2231 1001 2285 sulcis
1035 2230 1300 2295 scribitur,
1326 2232 1391 2282 Et
1416 2248 1519 2301 qua

502 2314 634 2370 secti
678 2312 850 2385 apices
876 2312 1181 2376 abolentur,
1204 2322 1259 2364 et
1297 2310 1520 2382 equoris

503 2393 631 2447 hirti
672 2395 875 2446 Rursus
927 2391 1190 2444 nitescens
1236 2391 1522 2442 innovatur

503 2489 625 2526 area
646 2496 687 2524 ι.
727 2470 845 2523 Huc
880 2481 1080 2541 spectat
1116 2468 1250 2521 illud
1276 2469 1481 2523 Horatii
1507 2487 1520 2523 :

501 2552 687 2621 «Saepe
741 2548 935 2622 stylum
972 2557 1148 2601 vertas
1168 2574 1221 2612 n,
1256 2558 1310 2600 et
1352 2548 1518 2602 Cicer.

501 2629 704 2682 «Vertit
716 2626 911 2700 stylum
925 2627 978 2678 iu
992 2628 1187 2680 tubulis
1196 2628 1307 2680 suis
1317 2652 1360 2679 n.
1376 2628 1522 2692 Qua-

500 2727 561 2762 re
572 2705 859 2779 legendum
873 2705 1028 2758 etiam
1039 2704 1215 2778 jndice
1222 2706 1327 2760 vim
1334 2719 1395 2758 us
1409 2719 1523 2758 ven-

502 2806 587 2840 sor
612 2789 835 2854 ten-inque
855 2803 1038 2846 ηταηας
1065 2785 1159 2838 etsi
1184 2799 1440 2854 uvamque
1462 2787 1520 2839 in

500 2865 661 2920 veteri
701 2863 838 2917 libro
863 2864 929 2917 sit
958 2863 1211 2935 scriptum
1250 2863 1520 2920 mendose.

504 2947 660 3001 Cur.

574 3042 626 3077 a.
662 3031 844 3076 Ver-sor
872 3033 1125 3090 uerumque
1146 3041 1297 3074 manu
1330 3027 1520 3076 diverso

502 3105 897 3172 muner-effinger-
909 3103 969 3152 A.
984 3113 1037 3153 et
1052 3101 1114 3154 C.
1142 3109 1321 3154 Venor
1340 3118 1519 3155 uerum-

504 3203 601 3254 que
612 3221 628 3246 ,
654 3200 806 3235 manu
833 3185 1025 3233 diversa
1046 3197 1095 3232 ee
1116 3183 1524 3252 munerafnngor

502 3267 566 3314 D.
596 3269 771 3314 Verso!-
797 3277 1004 3329 utraque
1038 3279 1190 3312 manu
1204 3300 1219 3321 ,
1250 3263 1442 3314 diversa
1474 3278 1525 3315 ee

502 3341 913 3410 munerafungor
922 3341 984 3391 E.
1004 3345 1053 3388 V
1047 3359 1181 3391 ersus
1194 3351 1400 3409 utraque
1416 3362 1523 3393 ma-

503 3441 570 3474 me
596 3423 784 3472 diverso
819 3439 1018 3472 munere
1032 3421 1235 3490 fungor
1256 3419 1367 3473 Per.
1397 3428 1519 3472 Ver-

502 3521 588 3553 εον·
610 3505 737 3551 uer-in
744 3515 839 3567 que
855 3519 1005 3551 manu
1021 3538 1036 3560 ‚
1059 3505 1245 3553 diverso
1258 3514 1307 3552 et
1318 3510 1517 3552 munere·

485 3582 689 3650 fungor·
702 3577 840 3630 Pith.
864 3589 914 3630 et
928 3578 1070 3631 Cast.
1094 3587 1273 3631 ,Versus
1293 3583 1518 3648 ute-inque

504 3675 654 3712 manu
681 3659 869 3709 diverso
894 3674 1093 3709 munere
1110 3658 1307 3727 fungor
1330 3659 1512 3711 Barth.

502 3737 721 3791 Advers.
746 3735 902 3801 XIX,
924 3743 985 3799 14
1004 3757 1018 3800 3
1036 3737 1248 3800 XXVI,
1272 3739 1356 3790 28.
1374 3737 1516 3791 Heu-

504 3835 733 3872 mannus
750 3837 780 3869 e
796 3815 1005 3870 duobus
1044 3817 1235 3888 Msptis
1259 3831 1401 3872 recte
1424 3837 1512 3872 re-

503 3897 710 3970 scripsit
728 3903 911 3948 Versot·
920 3899 1145 3964 utrinque
1166 3916 1336 3958 manu,
1360 3901 1516 3951 diver*-

502 3998 562 4029 ,τα
585 3991 636 4029 et
656 3995 860 4028 munera
870 3977 1085 4044 fingor,
1116 3976 1263 4048 quod
1281 3990 1331 4030 et
1354 3977 1514 4032 habet

504 4055 627 4110 edit.
642 4056 845 4110 Basuel.
864 4055 1114 4128 Exempla
1128 4095 1143 4116 ,
1165 4058 1518 4127 quibusfimgi

1613 1383 1732 1417 cum
1753 1364 2032 1418 accusandi
2051 1383 2174 1418 casu
2191 1363 2447 1437 jungitur,
2469 1381 2498 1415 e
2525 1362 2632 1415 Ne·

1610 1454 1734 1514 pote
1746 1485 1760 1509 ,
1772 1444 2022 1497 Suetonio
2036 1482 2051 1507 ,
2065 1444 2250 1497 Tacito
2265 1442 2632 1495 adducitHeu·

1611 1540 1788 1575 mann.
1818 1523 1971 1575 Plura
2007 1521 2214 1576 dedisse
2253 1522 2632 1574 Bunemannus

1612 1601 1685 1653 ait
1705 1600 1901 1653 Thom.
1921 1603 2178 1673 Bangium
2197 1602 2249 1653 in
2267 1602 2491 1653 Observ.
2509 1600 2634 1651 Phi·

1612 1680 1699 1732 lol.
1729 1698 1778 1750 p.
1804 1680 1968 1743 1054,
2003 1690 2056 1733 et
2073 1680 2342 1733 sanctium
2372 1678 2508 1732 Min.
2531 1678 2626 1729 lib.

1610 1760 1720 1821 ΠΙ,
1746 1780 1794 1812 c.
1828 1760 1882 1823 3,
1910 1778 1967 1831 p.
2009 1762 2128 1823 340.
2163 1758 2518 1811 Nihilominus
2539 1756 2630 1809 ille

1612 1842 1800 1891 diverso
1843 1854 1895 1889 et
1933 1853 2131 1890 munere
2153 1841 2350 1907 fimgor
2373 1856 2404 1890 e
2439 1837 2630 1891 codice

1609 1918 1847 1969 omnium
1867 1918 2225 1989 antiquissimo
2237 1920 2302 1969 A.
2319 1918 2445 1970 etc.
2465 1928 2518 1970 et
2535 1916 2626 1970 ed.

1610 1995 1728 2048 Per.
1754 1996 2001 2067 praeferre
2029 1998 2173 2062 vult,
2207 2014 2272 2049 ex
2298 1996 2400 2049 hac
2419 1998 2626 2068 potissi-

1609 2092 1756 2127 mum
1770 2076 1996 2137 ratione,
2015 2075 2136 2147 quia
2165 2076 2469 2128 Lactantius
2489 2094 2628 2129 sem-

1607 2172 1705 2226 per
1709 2156 1870 2223 fungi
1885 2172 2005 2208 cum
2023 2172 2088 2207 au
2096 2152 2298 2207 ferendi
2313 2172 2436 2208 casu
2451 2156 2628 2227 jungit

1608 2235 1663 2286 in
1700 2234 1918 2307 reliquis
1943 2234 2113 2286 libris.
2153 2233 2260 2286 Sed
2293 2232 2433 2287 hanc
2460 2235 2625 2288 ratio-

1607 2327 1730 2366 nem
1757 2310 1897 2364 illius
1931 2311 2212 2385 hypothesi
2239 2311 2622 2368 condonamus.

1607 2423 1679 2432 —-
1699 2395 1962 2460 Utrimque.
1993 2393 2143 2444 Hanc
2160 2393 2470 2464 scripturam
2491 2404 2625 2444 cou-

1607 2471 1765 2523 flrmo
1779 2471 2070 2524 Horatiano
2082 2471 2174 2524 illo
2191 2472 2281 2524 lib.
2299 2471 2518 2542 I,Epist.
2541 2474 2626 2538 18,

1609 2570 1642 2620 9
1665 2566 1680 2604 t
1706 2577 1730 2596 α
1753 2551 1942 2604 Virtus
1960 2561 2038 2604 est
2055 2550 2290 2604 medium
2309 2551 2558 2604 vitiorum
2573 2561 2626 2604 et

1607 2629 1876 2702 utrimque
1891 2629 2169 2692 reductum
2188 2653 2234 2684 n.
2260 2635 2442 2684 lirun.

1681 2711 1729 2764 3.
1754 2715 1992 2774 Remeat,
2030 2711 2199 2773 delet,
2228 2709 2459 2772 abradit,
2486 2711 2622 2764 obli·

1606 2801 1756 2842 terat.
1768 2789 2016 2842 Horatius
2033 2809 2048 2844 :
2067 2817 2092 2836 «ι
2111 2789 2256 2842 volat
2281 2789 2628 2843 irrevocabile

1605 2869 2052 2924 verbum-‚Cssz
2073 2869 2268 2940 —Ego
2294 2881 2492 2921 revocat
2515 2886 2626 2921 ma·

1606 2947 1699 3000 lim
1714 2965 1976 3020 exponere
1989 2951 2196 3000 damnat
2211 2985 2226 3011 ,
2239 2949 2412 3001 abolet
2427 2989 2442 3014 ,
2465 2949 2626 3015 tollit,

1606 3027 1917 3099 videturque
1937 3027 1992 3079 id
2012 3027 2230 3081 ductum
2257 3045 2286 3081 a
2319 3027 2448 3081 ludo
2466 3029 2625 3081 talm-

1606 3107 1690 3174 lae,
1717 3107 1770 3160 in
1800 3125 1908 3180 quo
1933 3109 2173 3172 revocari,
2200 3108 2370 3160 reduci
2382 3107 2624 3161 calculus

1607 3186 1826 3248 dicitur,
1865 3188 1959 3259 qui
1999 3203 2278 3260 perperam
2318 3187 2473 3240 datus
2519 3199 2619 3242 est.

1605 3265 1764 3320 ovid.
1797 3265 1956 3320 Trist.
2003 3267 2083 3332 11,
2120 3273 2262 3338 479:
2313 3267 2434 3320 «Ut
2469 3284 2626 3340 mage

1606 3347 1738 3399 velle
1761 3346 1910 3416 sequi
1937 3347 2083 3411 sciat,
2122 3356 2174 3400 et
2199 3365 2452 3400 revocare
2477 3348 2621 3419 prio-

1605 3443 1717 3480 rem
1736 3453 1782 3479 ».
1827 3425 2205 3497 Fragmentum
2253 3425 2526 3480 Ciceronis
2554 3445 2620 3480 ex

1603 3503 1914 3570 Hortensio,
1941 3503 2082 3580 apud
2113 3505 2376 3568 Nonium,
2403 3524 2452 3558 v.
2481 3501 2618 3559 Scri-

1602 3595 1692 3655 pta
1713 3605 1725 3636 :
1750 3609 1775 3630 α
1789 3585 1977 3657 Itaque
1999 3583 2098 3637 tibi
2119 3584 2380 3651 concedo,
2397 3585 2542 3656 quod
2563 3589 2618 3642 in

1604 3661 1884 3718 duodecim
1904 3665 2112 3737 scriptis
2141 3665 2369 3718 solemus
2383 3705 2400 3727 ,
2425 3677 2484 3719 ut
2505 3668 2619 3721 cal-

1605 3743 1783 3797 culum
1811 3742 2062 3806 reducas,
2103 3744 2147 3796 si
2188 3755 2238 3796 te
2259 3743 2485 3817 alicujus
2509 3747 2621 3801 dati

1603 3823 1820 3894 poenitet
1836 3847 1882 3874 ι.
1915 3821 2168 3876 Similiter
2185 3823 2240 3875 in
2261 3823 2435 3876 Sabini
2457 3826 2620 3898 Epist.

1605 3903 1677 3966 11,
1703 3905 1798 3967 83,
1823 3904 2084 3976 Penelope
2115 3902 2306 3958 dicitur
2323 3931 2349 3950 α
2369 3925 2622 3964 revocare

1603 3983 1825 4036 stamina
1849 3983 2017 4036 noctis
2028 4007 2072 4049 a,
2109 3985 2144 4036 i.
2178 4002 2224 4037 e.
2245 3985 2490 4050 abolere,
2521 3989 2621 4041 tol·

1605 4061 1732 4113 lere.
