2964 4690
563 359 650 445 34

1305 358 1923 430 COLUMELLA

653 485 974 553 Sordidus
1017 497 1084 552 et
1123 497 1342 554 musto
1377 496 1761 576 spumantes
1796 480 2123 574 exprimet
2166 506 2361 568 uvas;

651 599 825 664 Tum
865 594 1310 662 inihi.ferrato
1349 607 1642 664 versetur
1678 592 1917 660 robore
1956 589 2120 685 palae
2638 621 2687 662 ις

651 705 883 775 Dulcis
923 705 1200 785 humuS‚
1239 703 1292 772 si
1319 703 1456 795 jam
1496 701 1740 798 pluviis
1776 701 2035 771 defossa
2074 703 2387 771 madebit.

648 823 739 888 At
776 818 830 886 si
867 813 1071 885 cruda
1105 827 1333 884 manet
1371 812 1533 882 caelo
1572 813 1807 882 durata
1842 837 2108 898 sereno,

650 929 822 995 Tum
855 925 1019 1018 jussi
1061 922 1326 992 veniant
1361 921 1600 992 declivi
1642 924 1909 992 tramite
1954 924 2120 1009 rivi,

628 1041 855 1128 *Terra
896 1033 1080 1102 bibat
1115 1031 1377 1117 fontes,
1421 1047 1489 1102 et
1523 1033 1777 1102 hiantia
1822 1032 2155 1128 compleat
2190 1059 2328 1104 ora.

651 1145 854 1234 Quod
887 1145 942 1211 si
989 1167 1110 1211 nec
1134 1125 1322 1226 'caeli‚
1352 1168 1478 1212 nec
1512 1145 1730 1238 campi
1774 1146 2093 1238 competit
2138 1146 2411 1226 humor,
2632 1173 2686 1212 ε.

651 1253 1136 1348 Ingeniumque
1173 1251 1349 1354 loci,
1383 1252 1486 1323 vel
1522 1255 1784 1348 Jupiter
1812 1255 2103 1350 abnegat
2144 1256 2461 1344 imbrem,
2606 1239 2616 1246 ’

647 1367 1083 1456 Exspectetur
1121 1361 1335 1432 hiems
1357 1416 1376 1451 ,
1415 1362 1576 1432 dum
1622 1363 1866 1434 Bacchi
1902 1365 2197 1435 Gnosius
2231 1365 2432 1434 ardor

551 1554 676 1606 mite
701 1561 878 1602 vertex
895 1574 939 1601 a.
984 1547 1161 1601 Potuit
1195 1560 1247 1601 et
1276 1549 1574 1603 Autumnus

551 1631 720 1704 pomis
738 1638 1026 1682 coronatus
1044 1626 1151 1679 dici
1163 1663 1180 1690 ‚
1203 1626 1332 1699 quia
1355 1628 1575 1681 ineunte

549 1723 806 1764 autumno
833 1705 1081 1778 primitia!
1097 1745 1113 1772 ,
1135 1695 1305 1776 pomfi
1333 1707 1388 1758 iu
1417 1724 1572 1760 coro-

550 1807 646 1842 nas
682 1787 858 1851 nexis,
880 1783 1068 1838 offerri
1105 1783 1173 1836 ad
1210 1786 1420 1856 signum
1445 1786 1575 1838 Ver-

548 1867 721 1922 tumni
766 1864 1023 1918 solebant.
1073 1862 1313 1935 Propert.
1357 1864 1458 1930 IV,
1504 1883 1532 1916 2
1552 1881 1566 1915 ε

552 1973 576 1996 ι
592 1946 785 2001 Iusitor
810 1945 898 2000 hic
922 1942 1081 1997 solvit
1103 1960 1320 2014 pomosa
1345 1953 1466 1996 vota
1486 1960 1577 1994 co-

550 2045 682 2080 rona
704 2051 748 2079 ι.

623 2113 706 2170 44.
732 2105 958 2157 Sor-dibus
977 2102 1042 2154 L.
1065 2099 1173 2154 Riv.
1199 2102 1476 2168 Spmnanct‘s
1500 2103 1568 2155 D.

549 2219 613 2228 —
649 2187 900 2237 Sordidus.
956 2182 1040 2234 Ita
1097 2177 1293 2232 dicitur
1357 2191 1571 2232 autum-

549 2284 683 2332 nus,
702 2262 828 2334 quia
848 2299 865 2327 ,
891 2260 988 2332 qui
1021 2277 1156 2312 uvas
1189 2257 1398 2313 calcant
1417 2297 1434 2324 ,
1461 2277 1573 2312 sor·

547 2345 644 2399 des
669 2341 856 2397 exinde
888 2339 1222 2395 contrahunt.
1248 2337 1410 2393 ovid.
1432 2338 1571 2391 Fast.

553 2424 659 2487 lv,
687 2424 822 2491 897:
852 2446 877 2467 α
894 2421 1128 2473 Venerat
1153 2430 1442 2471 autumnus
1466 2418 1574 2471 cal-

554 2503 684 2558 catis
729 2497 975 2553 sordidus
1010 2498 1130 2551 uvis
1143 2523 1183 2550 ι.
1209 2498 1275 2549 Iu
1311 2497 1575 2569 plerisque

553 2574 874 2636 editionibus
919 2580 1084 2631 exstat
1133 2578 1353 2633 sordibus
1368 2613 1385 2637 ,
1429 2574 1577 2647 quod

557 2674 738 2713 tamen
759 2655 1166 2713 emendandum.
1186 2654 1335 2709 Idem
1355 2655 1573 2709 Metam.

555 2740 652 2806 11,
669 2756 766 2809 29:
797 2738 1020 2791 «Stabat
1051 2748 1103 2789 et
1137 2748 1421 2789 autumnus
1462 2735 1575 2787 cal-

551 2820 686 2875 catis
711 2817 958 2872 sordidus
982 2818 1158 2869 uvis».
1199 2814 1448 2869 Sedulius
1464 2854 1482 2881 ,
1510 2814 1537 2865 1
1556 2850 1575 2877 ,
1610 2850 1613 2855 -

551 2902 618 2972 75
641 2915 657 2951 ε
683 2894 978 2951 «Sordidus
1021 2896 1306 2967 impressas
1347 2894 1575 2948 calcabit

553 2978 750 3031 vinitor
771 2995 900 3033 uvas
925 3001 972 3028 n.
997 2973 1308 3027 Sauos-rra.

627 3056 712 3120 45.
737 3056 1072 3123 Halesus-meo
1089 3052 1151 3105 L.
1169 3066 1428 3105 ver-sonan·
1441 3052 1503 3105 D.

630 3138 716 3197 46.
763 3134 974 3202 Defessa
1013 3132 1101 3186 Sa.
1144 3130 1204 3182 P.
1247 3132 1466 3181 madoris
1509 3128 1573 3183 P.

557 3214 756 3283 defessa
782 3214 1020 3264 madescit
1043 3212 1182 3282 conj.
1211 3208 1370 3263 Gesn-

629 3299 713 3363 47.
745 3297 918 3355 Manet,
931 3292 1082 3345 Dem.
1112 3292 1168 3342 in
1195 3300 1368 3355 textu3
1394 3288 1487 3342 sed
1518 3288 1575 3341 ἱιι

561 3388 725 3441 marg.
751 3373 932 3421 madet.

635 3450 722 3512 48.
747 3451 944 3501 Declivo
967 3447 999 3499 J
1003 3466 1110 3500 ens.
1130 3448 1348 3497 -Jum‘
1372 3448 1583 3500 veniant

563 3524 924 3593 rioifindustria
945 3538 1123 3579 nostra
1141 3546 1206 3579 eo
1223 3524 1458 3590 deducti3
1469 3524 1577 3579 vid.

565 3605 634 3660 nd
653 3626 704 3659 v.
725 3608 802 3659 16.
823 3604 952 3659 Suu.
965 3608 1178 3656 ——Jussi
1201 3609 1292 3659 rivi
1324 3604 1580 3658 dicuntur

562 3686 780 3749 Nostro,
793 3684 912 3747 x‚3
930 3724 946 3748 ,
972 3702 1035 3735 10
1052 3701 1066 3735 :
1082 3702 1250 3755 «aqua
1274 3702 1442 3744 manu
1467 3683 1580 3735 illa-

563 3776 687 3826 ιιι»,
724 3762 811 3815 cui
849 3760 1045 3815 ibidem
1085 3774 1432 3834 opponuntur
1474 3781 1579 3814 suoe

563 3844 744 3911 sponsis
768 3859 933 3913 aquae.
961 3842 1168 3894 Bucar.

635 3928 722 3989 49.
735 3924 1054 3973 Bianti...m
1071 3921 1137 3971 L.
1152 3922 1200 3973 J.
1225 3920 1288 3973 Β.
1304 3922 1583 3977 3.-Ηίαιι-

559 4003 630 4051 εἰει
665 4003 904 4068 compleat
927 4018 1038 4052 ora.
1063 4000 1148 4054 Sic
1176 4012 1329 4053 vocat
1369 4000 1581 4053 fissuras

561 4090 616 4131 et
648 4076 809 4133 rimas
851 4078 1044 4133 arentis
1078 4091 1260 4155 terrm,
1284 4098 1404 4152 quo
1431 4080 1579 4153 quasi

1662 1549 1885 1602 totidem
1910 1548 2132 1602 sitientis
2160 1567 2250 1602 ora
2278 1549 2456 1613 hiant,
2483 1549 2553 1603 ad
2580 1552 2685 1604 hu-

1661 1646 1865 1681 morem
1880 1669 1895 1694 ,
1912 1629 2065 1700 quasi
2098 1639 2283 1699 potum
2300 1663 2317 1690 ‚
2350 1629 2683 1702 capiendum.

1660 1710 1917 1758 Iliensibus
1918 1707 2157 1775 faucibus
2175 1711 2371 1760 haurire
2386 1707 2515 1761 dixit
2532 1711 2687 1762 Avie-

1660 1805 1761 1839 nus
1780 1828 1796 1852 ,
1823 1788 1917 1840 Or.
1944 1805 2079 1841 mar.
2101 1807 2153 1840 v.
2182 1805 2265 1857 ¹7·

1733 1865 1818 1919 51.
1837 1868 2059 1934 Abneget
2072 1866 2223 1918 Dem.
2248 1867 2438 1920 ultimo
2456 1881 2627 1922 autem
2649 1891 2679 1922 e

1660 1943 1969 2014 inscriptum
1986 1955 2071 1998 est
2090 1965 2141 1997 a.

1732 2023 1815 2076 52.
1834 2027 2036 2074 Neuius
2065 2027 2219 2076 ardor
2236 2026 2283 2078 J.
2310 2025 2372 2080 B.
2398 2029 2455 2079 R.
2478 2027 2597 2081 Riv.
2628 2041 2685 2081 et

1660 2102 1741 2154 vir
1763 2101 1904 2156 doct.
1935 2102 1987 2154 in
2008 2101 2131 2156 Ald.
2152 2103 2276 2157 vide
2302 2105 2363 2157 B.
2389 2105 2561 2160 Pium.
2584 2112 2687 2158 Νο-

1660 2185 1775 2233 oeius
1812 2181 1958 2252 Lips.
1994 2193 2047 2234 et
2082 2183 2147 2235 D.
2184 2183 2241 2234 in
2265 2191 2689 2255 marga-Bacchi

1662 2263 1872 2312 Gnosius
1907 2265 2077 2314 ardor.
2122 2261 2215 2313 Est
2254 2261 2447 2316 ardens
2489 2283 2686 2318 corona

1660 2337 1905 2392 Ariadnae
1922 2380 1937 2405 ,
1959 2338 2154 2392 Minois
2172 2376 2190 2403 ‚
2216 2341 2309 2411 qui
2349 2360 2441 2395 rex
2488 2343 2684 2407 Cretas,

1662 2417 1755 2469 ubi
1780 2418 1990 2471 Gnosus
2016 2418 2141 2471 urbs
2166 2418 2313 2485 ,fflioe
2331 2456 2347 2482 ,
2366 2438 2527 2491 quam
2552 2422 2686 2474 Bac-

1665 2496 1797 2550 chus
1824 2497 1962 2549 iuter
1983 2497 2155 2551 sidera
2182 2498 2479 2552 collocavit.
2512 2500 2688 2573 Hujus

1662 2594 1907 2629 occasum
1952 2576 2213 2648 significat
2258 2590 2445 2632 auctor
2487 2580 2684 2633 verbis:

1662 2659 1880 2723 AEquore
1928 2660 2140 2708 eoerulso
2206 2660 2404 2717 celetur,
2460 2676 2686 2731 sequens

1662 2733 1815 2805 virg.
1842 2734 1938 2805 qui
1960 2734 2155 2807 Geor-g.
2184 2735 2211 2787 I
2227 2775 2243 2800 ,
2267 2754 2364 2789 ns
2384 2754 2398 2789 z
2420 2762 2445 2783 οι
2462 2736 2687 2792 Gnosia-

1662 2832 1767 2885 que
1805 2812 2041 2867 ardentis
2080 2813 2298 2868 decedat
2334 2818 2483 2869 stella
2524 2820 2686 2871 Coro-

1664 2910 1741 2945 ηε
1754 2918 1799 2947 ι.
1819 2892 1961 2958 Quia
1981 2911 2225 2947 occasum
2248 2893 2470 2948 Corona
2493 2896 2543 2949 ei
2563 2909 2686 2948 tem-

1662 2971 1780 3043 pori
1792 2970 2163 3044 adsignat,quo
2176 2988 2494 3042 exspectatur
2510 2978 2679 3035 hiems,

1664 3050 1875 3104 videtur
1889 3052 1945 3103 in
1959 3070 2025 3104 eo
2039 3050 2285 3122 ponendo
2298 3054 2528 3106 rationes
2540 3052 2685 3107 Groe-
2797 3084 2806 3092 =

1664 3148 1847 3183 corum
1863 3170 1879 3194 ,
1908 3142 1961 3182 et
1977 3130 2031 3183 in
2049 3130 2135 3182 his
2152 3132 2470 3198 Democriti,
2500 3150 2689 3205 sequu-

1664 3222 1777 3273 tus,
1803 3228 1959 3281 quam
1998 3210 2226 3263 servavit
2250 3210 2685 3282 Geopouicorum

1663 3301 1848 3342 auctor
1874 3308 1937 3343 ex
1962 3288 2225 3361 Didymo,
2247 3288 2337 3342 lib.
2352 3289 2407 3341 11
2426 3329 2441 3354 ,
2474 3297 2567 3355 14,
2589 3292 2689 3361 qui

1665 3368 1930 3421 Coronam
1968 3380 2089 3420 aute
2124 3367 2179 3419 d.
2210 3368 2361 3419 XXV
2398 3368 2685 3421 Novembr.

1664 3446 1907 3501 occidere
1944 3446 2141 3505 statuit.
2186 3446 2457 3512 Quoniam
2494 3465 2621 3500 vero
2656 3466 2689 3499 a

1666 3526 1889 3597 Virgilio
1910 3544 2059 3598 nque
2076 3544 2137 3579 ac
2158 3526 2449 3579 Columella
2466 3544 2691 3581 occasus

1666 3605 1891 3659 Coronae
1915 3624 2038 3658 cum
2064 3604 2326 3658 matutino
2342 3622 2535 3659 occasu
2553 3606 2692 3658 Ver-

1666 3683 1906 3755 giliarum
1920 3683 2282 3757 conjungitur,
2302 3697 2461 3755 atque
2476 3684 2563 3738 hic
2578 3703 2693 3737 non

1667 3763 1737 3816 ad
1756 3782 1989 3818 mensem
2011 3763 2363 3815 Novembrem
2376 3803 2392 3829 ,
2412 3762 2505 3817 sed
2524 3764 2693 3817 Octo-

1666 3842 1848 3909 brem,
1872 3842 2125 3914 pertinet,
2162 3841 2421 3915 siquidem
2458 3862 2489 3897 a
2526 3843 2695 3896 Colu-

1667 3921 1823 3975 mella
1840 3960 1855 3985 ,
1878 3923 1965 3986 11,
1988 3924 2048 3987 8,
2076 3939 2127 3985 1,
2150 3922 2225 3973 lx
2255 3919 2369 3974 cal.
2400 3923 2695 3977 Novembr.

1666 4001 1782 4054 fieri
1820 4000 2037 4064 dicitur,
2085 4000 2255 4053 mensi
2297 4002 2519 4053 Octobri
2558 4020 2693 4054 vero

1667 4080 1894 4133 Coronat
1920 4098 2026 4133 non
2056 4096 2299 4133 occasum
2314 4118 2329 4144 ,
2350 4079 2445 4133 sed
2476 4093 2655 4135 ortum
2674 4118 2692 4143 ,
