2964 4690
754 377 883 445 Al)
930 377 1421 447 SYMPOSH
1474 376 2030 447 AENIGMATA.
2313 372 2453 445 313

327 526 525 590 quam
562 506 621 568 ei
656 508 867 571 versui
902 507 1165 587 subjeci.
1208 510 1293 573 Et
1322 525 1574 579 matura
1607 522 1792 572 aetate
1829 522 1967 570 tum
2001 506 2199 570 fuisse
2227 522 2454 571 aucto·

332 632 499 691 rem,
532 634 571 673 e
596 611 809 701 primo
839 634 1033 676 versu
1060 615 1355 703 prooemii
1385 613 1564 679 haud
1589 614 1810 701 inepte
1835 610 2115 700 colligas.
2145 612 2311 676 Nam
2339 610 2454 674 ubi

328 716 413 781 ait
442 738 459 778 ε
514 717 670 780 Hoec
720 740 969 807 quoque
1010 720 1371 809 Symposius
1414 722 1566 785 lusit
1581 766 1601 801 ,
1653 720 1836 807 plura
1881 740 1949 783 se
1987 718 2270 781 carmina
2303 731 2454 781 ante

328 822 695 911 AEnigmata
720 826 1051 913 scripsisse
1076 828 1294 892 innuit
1312 876 1331 910 ‚
1356 842 1552 915 atque
1577 828 1715 891 haec
1735 825 1898 890 adeo
1916 826 2146 891 ¹seriori
2171 827 2453 890 auctoris
2518 824 2522 829 ’

238 919 245 937 “
327 928 489 991 aetati
527 928 929 1019 adsignanda
962 931 1173 997 docet.
1208 934 1429 999 Altero
1450 934 1648 1025 igitur
1680 955 1873 997 versu
1901 955 1918 997 ε
1953 931 2059 995 Sic
2092 944 2198 1011 tu,
2229 932 2450 1009 Sexte,

326 1032 539 1114 doces,
576 1032 739 1099 nihil
772 1039 1047 1101 omnino
1082 1038 1259 1103 aliud
1294 1055 1547 1123 auctor,
1581 1060 1778 1128 quam
1810 1060 1880 1103 se
1915 1039 2210 1126 exemplo
2241 1052 2306 1101 et
2337 1060 2453 1101 au·-

326 1141 619 1204 ctoritate
650 1142 921 1223 alicujus
958 1144 1288 1233 scriptoris
1313 1147 1415 1210 vel
1440 1162 1648 1234 poetae
1676 1162 1921 1227 tuetur,
1948 1144 2064 1232 qui
2095 1166 2174 1207 an
2183 1158 2246 1207 te
2271 1164 2340 1207 se
2365 1145 2449 1207 si·

322 1245 495 1308 milia
530 1246 759 1311 luserit
775 1295 793 1329 ,
840 1264 917 1311 ut
957 1251 1259 1338 superius
1293 1250 1908 1317 demonstravimus.
1951 1250 2036 1315 Et
2079 1248 2342 1337 quando
2376 1270 2454 1312 ex

326 1364 461 1414 toto
496 1352 803 1417 Prooemii
835 1354 1023 1419 initio
1052 1356 1217 1421 nihil
1241 1358 1530 1447 exsculpi
1558 1357 1642 1422 de
1663 1357 2097 1422 adolescentia
2123 1355 2453 1443 scriptoris

326 1455 773 1546 AEnigmatum
808 1476 1058 1549 potest,
1096 1462 1253 1527 hinc
1280 1464 1475 1529 etiam
1511 1464 1880 1529 Lactantius
1919 1460 2292 1526 adolescens
2327 1461 2451 1524 mi-

326 1562 501 1626 nime
542 1565 611 1628 in
643 1586 797 1629 eum
838 1569 1161 1633 convenit.
1194 1570 1503 1658 Denique
1521 1572 1952 1635 Heumannus
1979 1567 2460 1631 {innamentum

320 1670 655 1735 sententiae
704 1692 837 1736 suae
882 1674 1045 1779 petit
1087 1696 1166 1739 ex
1196 1697 1314 1759 eo,
1324 1675 1544 1764 quod
1585 1675 1776 1753 dicit,
1810 1676 1879 1738 in
1913 1672 2136 1739 codice
2168 1672 2284 1739 MS
2320 1694 2454 1760 quo

321 1773 607 1839 Pithoeus
646 1798 807 1841 usus
836 1795 970 1861 est,
1010 1796 1345 1845 auctorem
1389 1782 1540 1846 libri
1579 1781 1784 1845 nostri
1819 1780 2142 1845 nominari
2191 1776 2454 1843 Coelium

320 1882 717 1945 Fumarium
748 1884 1176 1973 ὅχηφοεὰυη,
1212 1910 1357 1975 quae
1386 1902 1544 1951 sunt
1583 1886 1852 1951 nomina
1875 1886 2079 1975 ipsius
2113 1884 2449 1951 lactantii.

322 1984 491 2049 Sed
472 2009 543 2051 ιιι
577 1987 707 2053 hoc
738 2006 908 2053 errat
938 1992 1247 2079 primum,
1280 1992 1536 2057 Pithoeo
1567 2014 1704 2057 non
1740 1993 2034 2078 inspecto
2055 1990 2181 2077 (1),
2224 1989 2340 2077 qui
2371 1989 2448 2052 li-

320 2090 489 2156 bello
530 2095 949 2183 aenigmatum
994 2097 1453 2162 tantummodo
1487 2119 1729 2161 nomen
1771 2096 1954 2161 Caelii
1977 2094 2326 2184 Symphosii
2345 2094 2448 2157 in·

319 2198 559 2281 scribit,
578 2198 840 2267 duobus
862 2216 1079 2265 autem
1102 2203 1670 2291 epigrammatibus
1685 2202 1812 2266 alio
1838 2203 1986 2265 loco
1998 2199 2343 2290 propositis
2375 2200 2456 2263 de

320 2304 539 2369 Livor-e
578 2321 645 2369 et
684 2306 763 2370 de
803 2307 1089 2374 Fortuna
1132 2309 1391 2398 plenius
1426 2302 1638 2374 'Caelii
1669 2308 2050 2374 Firmim‘am’
2080 2305 2444 2396 Sympkosii.

316 2410 503 2475 Unde
532 2411 799 2499 quidem
834 2414 1011 2478 haud
1043 2430 1287 2480 temere
1330 2415 1590 2504 colligas
1634 2437 1846 2479 unum
1885 2414 2246 2478 carminum
2285 2413 2445 2499 isto-

318 2539 459 2580 rum
512 2535 583 2581 et
628 2517 869 2582 horum
918 2516 1363 2608 AEnigmatum
1414 2537 1750 2584 auctorem
1798 2541 1938 2584 esse
1987 2519 2403 2607 symposium
2426 2567 2442 2591 ‚

317 2623 611 2710 quamvis
650 2622 952 2711 equidem
984 2647 1062 2687 ex
1086 2625 1467 2690 auctoritate
1498 2625 1730 2688 Pithoei
1759 2625 1826 2688 in
1855 2627 2071 2688 fronte
2097 2623 2294 2688 libelli
2323 2645 2444 2684 no·

316 2727 423 2791 lim
462 2728 562 2808 ei,
596 2728 725 2792 nisi
767 2750 976 2792 unum
1016 2751 1391 2817 praenomen
1431 2729 1644 2811 Caelii,
1686 2728 1858 2793 dare.
1901 2727 2104 2810 Quod
2141 2728 2196 2790 si
2230 2727 2442 2792 solum

314 2834 704 2922 relinquitur
731 2833 1111 2922 Symposi0‚
1136 2836 1305 2924 perit
1336 2837 1528 2900 etiam
1555 2836 1835 2923 suspicio
1869 2857 1948 2898 ex
1977 2833 2284 2896 Firmiani
2315 2855 2438 2895 no-

314 2940 485 3003 mine
538 2961 663 3026 pro
714 2941 1043 3005 Lactantio
1099 2939 1419 3007 ducenda.
1470 2941 1734 3029 Quippe
1786 2941 1962 3004 Caelii
2010 2961 2252 3003 nomen
2305 2960 2436 3001 non

312 3044 647 3110 Lactantio
680 3045 891 3109 solum
912 3093 931 3126 ,
962 3045 1077 3110 sed
1122 3062 1190 3110 et
1226 3047 1363 3110 aliis
1398 3048 1572 3111 Afris
1604 3046 2030 3136 scriptoribus
2061 3044 2400 3110 sdhaesisse
2421 3093 2440 3125 ,

314 3171 505 3238 supra
539 3150 673 3230 jam
720 3149 1192 3216 adnotavimus.
1228 3151 1355 3216 Sed
1388 3175 1425 3216 e
1460 3151 1822 3233 conjunctis
1865 3153 2054 3216 etiam
2088 3149 2270 3214 Caelii
2301 3149 2354 3212 F
2357 3150 2442 3212 ir-

314 3255 507 3320 miani
542 3255 921 3320 nominibus
948 3255 1289 3345 Symposio
1314 3255 1550 3322 additis
1577 3257 1796 3322 nescio
1829 3256 1988 3345 quid
2013 3259 2440 3320 Heumannus

314 3383 431 3445 pro
466 3377 739 3425 auctore
756 3361 1205 3450 AEnigmntum
1238 3363 1572 3426 Lactantio
1590 3362 1886 3451 colligere
1911 3376 2136 3448 queat,
2165 3359 2288 3423 nisi
2315 3359 2442 3424 hoc

312 3467 491 3548 velit,
526 3466 681 3554 quia
725 3467 913 3531 Coelii
938 3467 1255 3532 Fit-miani
1286 3469 1552 3534 nomina
1593 3483 1749 3532 sunt
1790 3467 2134 3546 Lactantii,
2174 3466 2328 3530 hinc
2369 3465 2438 3528 in
2509 3529 2516 3538 ,

314 3571 521 3636 fronte
572 3570 771 3636 libelli
820 3572 1235 3659 aenigmatum
1281 3572 1438 3636 falso
1487 3593 1728 3636 nomen
1773 3572 2125 3660 Symposii,
2165 3592 2288 3659 pro
2319 3571 2440 3634 La-

382 3831 2020 3905 (tm-ir)PteClaqutzPaeft1g4sclt
2068 3831 2240 3903 epigr-a
2317 3839 2438 3881 nata

315 3936 383 3988 qu
350 3917 546 3972 undam
575 3918 721 3991 apud
748 3920 1005 3974 Pithoeum
1032 3921 1178 3976 Caelii
1215 3921 1377 3974 Fiirm
1382 3921 1470 3974 ani
1502 3921 1610 3994 Syn
1611 3921 1862 3994 :phou-osii
1888 3940 1958 3974 no
1961 3921 2071 3973 min
2123 3917 2348 3986 ‚aenigm
2317 3927 2436 3968 ιιιιυι

317 4003 453 4058 catii
484 4007 575 4060 Fir
527 4027 653 4060 mm
636 4009 745 4060 ‘ani
724 4010 1033 4082 [Symposii
1070 4010 1319 4082 inscripta
1354 4029 1477 4064 esse.
1529 4010 1828 4082 Utrumque
1862 4029 1968 4064 non
2009 4029 2110 4063 con
2077 4007 2390 4062 nvenieme
2362 4017 2440 4058 cst

318 4093 611 4164 scriptum,
638 4113 759 4166 quo
787 4097 839 4149 in
870 4097 1059 4150 Pithoei
1085 4099 1395 4152 collectione
1420 4107 1604 4152 exstat.
