2964 4690
515 353 643 420 160
891 351 1120 418 VITA
1167 350 1288 416 ET
1338 350 1587 416 ACTA
1640 347 2249 416 ΜΑΧΙΜῙΑΝΙ.

505 500 634 566 est,
665 483 746 548 ad
771 479 1162 571 deploranda
1187 467 1535 544 senectutis
1562 503 1693 544 suae
1714 479 2127 545 incommoda
2152 480 2485 552 descendit
2503 530 2524 563 ,
2546 483 2635 546 ita

502 590 802 680 quidem,
837 603 911 652 ut
952 587 1322 650 memoratis
1353 587 1536 674 prins
1566 587 1844 666 artihuS,
1878 587 2473 670 exercitationibus,
2505 589 2635 652 vir-

501 695 750 760 tutibus
773 742 791 775 ,
839 691 1080 780 quibus
1111 691 1417 755 enituerit
1451 691 1707 770 juvenis
1729 739 1746 771 ,
1789 713 1941 754 mox
1976 690 2079 754 his
2108 692 2433 756 contraria
2468 693 2633 756 senii

503 802 604 866 sui
640 800 790 864 vitia
824 795 1157 878 ostendat,
1193 813 1258 860 et
1295 797 1649 886 generatim
1692 819 1922 860 senum
1966 794 2476 879 deformitatem,
2512 798 2634 860 mi·

503 907 732 972 seriam
747 954 765 987 ,
795 902 1296 968 imbecillitatem
1317 951 1334 982 ,
1365 901 1726 966 socordIam
1751 919 1817 964 et
1838 901 2109 989 ineptias
2134 901 2290 965 vivis
2308 903 2633 968 coloribus

505 1012 827 1101 depingat.
877 1008 1194 1073 Proximis
1227 1008 1462 1096 Elegiis
1509 1023 1911 1071 senectutem
1956 1029 2139 1070 suam
2192 1007 2515 1072 infelicem
2554 1032 2635 1073 ex

504 1116 830 1183 amoribus
882 1114 1098 1178 minus
1142 1113 1466 1201 prosperis
1514 1112 1947 1193 demonstrat,
1999 1112 2426 1201 nominatque
2467 1130 2635 1194 τῖες,

506 1247 666 1313 quas
699 1221 1038 1302 amarerit,
1071 1219 1344 1308 puellas,
1385 1218 1767 1307 Lycoridem
1788 1267 1805 1298 ,
1848 1217 2219 1305 Aquilinam
2241 1267 2259 1300 ,
2298 1236 2364 1283 et
2394 1219 2634 1283 Candi-

507 1332 690 1412 dam,
733 1344 799 1393 et
849 1326 1115 1416 singulis
1163 1347 1267 1389 eas
1295 1324 1751 1404 ‚carminibu3,
1794 1324 1892 1405 11,
1936 1323 2031 1386 111
2074 1340 2140 1386 et
2175 1324 2285 1400 IV,
2318 1321 2633 1388 decantat.

506 1440 672 1502 Cum
700 1431 1011 1522 Lycoride
1043 1453 1112 1495 se
1145 1432 1231 1495 ait
1259 1431 1501 1493 multos
1533 1451 1739 1493 annos
1774 1426 2123 1492 indivisum
2157 1428 2418 1504 vixisse,
2454 1453 2635 1494 nunc

505 1553 807 1630 provecta
848 1552 1030 1601 aetate
1073 1534 1315 1622 despici
1361 1535 1441 1598 ab
1496 1557 1567 1597 ea
1614 1550 1679 1597 et
1726 1532 1976 1597 irrideri
2017 1534 2458 1620 conqueritur.
2503 1532 2637 1597 Ad-

499 1646 718 1734 jungit
746 1639 1168 1730 sequentibus
1213 1639 1480 1728 Elegiis‚
1515 1639 1612 1702 111
1645 1654 1710 1701 et
1750 1639 1862 1720 IV,
1906 1637 2241 1726 praeteritae
2274 1639 2637 1718 juventutis

505 1772 756 1816 amores
799 1750 868 1812 in
912 1745 1281 1834 Aquilinam
1337 1761 1401 1808 et
1452 1743 1807 1808 Candidam
1855 1745 2187 1835 inceptos,
2261 1767 2503 1833 eosque
2546 1747 2635 1810 ita

507 1872 754 1938 narrat,
805 1870 883 1918 ut
916 1852 1228 1933 juveniles
1264 1850 1582 1938 quosdam
1618 1851 1836 1932 lusus,
1884 1868 1949 1915 et
1984 1852 2198 1917 irritos
2238 1852 2393 1916 levis
2436 1853 2637 1916 animi

506 1981 697 2030 aestus
732 1963 932 2026 fuisse
963 1958 1279 2048 adpareat.
1317 1956 1442 2020 Sed
1475 1957 1603 2020 hoc
1636 1957 1835 2046 magis
1869 1956 2045 2022 dolet
2077 1957 2413 2045 deinceps,
2453 1957 2637 2046 quod

507 2088 790 2135 extrema
841 2076 1170 2131 senectute
1213 2085 1292 2125 eo
1337 2060 1677 2126 dementiae
1714 2062 1797 2124 sit
1840 2064 2176 2152 prolapsus
2196 2109 2215 2144 ,
2260 2077 2335 2126 ut
2384 2063 2635 2127 vesanis

507 2178 734 2268 puellae
763 2174 968 2240 Graiae
983 2167 1319 2237 lenociniis
1344 2168 1579 2232 irretiri
1614 2191 1683 2231 se
1718 2183 2069 2255 pateretur,
2094 2185 2161 2232 et
2192 2169 2636 2258 voluptatibus

504 2285 658 2350 olim
699 2279 928 2371 spretis
973 2301 1042 2341 se
1083 2275 1385 2357 dederet,
1435 2275 1674 2363 quibus
1715 2273 2015 2340 sufficere
2054 2297 2169 2364 per
2212 2289 2461 2340 oetatem
2499 2297 2635 2340 non

511 2404 744 2479 posset.
781 2386 1006 2468 Quum
1033 2383 1228 2463 hujus
1257 2382 1486 2469 puellae
1522 2381 1843 2446 lasciviam
1886 2396 1951 2445 et
1984 2380 2314 2446 illecebras
2350 2396 2639 2445 extrema

511 2493 730 2583 Elegia
763 2508 894 2557 tam
939 2504 1155 2577 aperte
1205 2504 1271 2551 et
1311 2486 1730 2574 impudenter
1764 2486 2103 2568 describit,
2146 2488 2253 2551 vix
2294 2486 2639 2551 conciliare

511 2603 638 2665 hoc
669 2618 1016 2689 possumus
1065 2616 1218 2659 cum
1260 2594 1671 2681 superiorum
1705 2594 2071 2683 Elegiarum
2114 2593 2429 2658 modestia
2448 2641 2468 2675 ,
2509 2594 2639 2658 nisi

509 2722 790 2771 statuere
825 2702 1096 2766 velimus
1116 2747 1135 2780 ‚
1169 2698 1513 2763 consilium
1546 2698 1605 2762 ei
1638 2698 1769 2762 hoc
1800 2698 1998 2764 fuisse
2018 2746 2037 2781 ,
2066 2714 2142 2763 ut
2170 2700 2376 2765 Graiae
2408 2700 2642 2787 nequi-

511 2814 615 2878 tiae
648 2828 714 2875 et
749 2808 1015 2873 lasciviae
1046 2807 1411 2895 exemplum
1431 2852 1451 2885 ‚
1490 2803 1573 2868 ad
1610 2804 2165 2893 corrumpendum
2192 2820 2321 2869 tam
2355 2806 2639 2894 potentis

510 2935 576 2983 et
615 2916 965 3007 ingeniosae
1004 2910 1400 3001 depingeret.
1454 2910 1593 2975 Nec
1650 2908 2060 2974 diffitendum
2114 2925 2242 2989 est,
2292 2910 2637 2998 abreptum

513 3044 776 3113 quoque
808 3037 873 3084 et
905 3033 1288 3105 corruptum
1321 3015 1524 3080 videri
1554 3015 1944 3080 lascivorum
1978 3018 2209 3081 veteris
2251 3016 2369 3080 aevi
2413 3032 2637 3104 poeta-

513 3150 662 3193 rum
705 3125 925 3191 studio
973 3139 1039 3187 et
1079 3122 1393 3203 lectione,
1446 3143 1729 3208 quorum
1770 3144 1975 3208 quum
2018 3122 2363 3185 sententias
2400 3136 2467 3184 et
2506 3119 2639 3184 ele-

515 3233 760 3325 gantias
792 3230 1012 3295 multis
1036 3228 1197 3292 locis
1223 3228 1459 3291 imitari
1484 3242 1755 3292 conatus
1778 3242 1875 3291 est
1893 3274 1912 3307 ,
1941 3242 2083 3291 tum
2112 3228 2303 3292 etiam
2334 3227 2641 3315 nequitiae

515 3339 880 3426 exemplum
910 3336 991 3401 ab
1023 3334 1248 3399 iisdem
1281 3349 1499 3420 petere
1535 3354 1667 3397 non
1704 3332 2019 3397 dubitavit
2042 3332 2157 3421 (1).

603 3446 1074 3533 Argumentum
1127 3439 1495 3529 Elegiarum
1551 3438 1921 3503 Maximiani
1978 3439 2227 3503 diverse
2280 3436 2641 3501 admodum

516 3550 780 3615 diversis
807 3547 1209 3637 temporibus
1235 3561 1573 3633 acceptum
1602 3561 1667 3609 et
1692 3545 2087 3610 intellectum
2114 3562 2239 3626 est,
2268 3544 2643 3632 atqutrinde

515 3657 672 3721 varii
703 3676 925 3719 earum
957 3652 1126 3717 tituli
1153 3668 1216 3715 et
1242 3650 1694 3739 inscriptiones
1720 3649 2151 3737 discrepantes
2180 3652 2390 3733 factae,
2424 3672 2463 3712 e
2488 3650 2642 3736 qui-

587 3888 664 3956 (1)
699 3882 810 3950 Qui
855 3880 1036 3935 Ovidii
1074 3880 1326 3932 Amorum
1363 3880 1501 3933 libro
1539 3878 1624 3931 111
1664 3876 1892 3949 Elegiam
1932 3878 2208 3949 septimam
2258 3875 2474 3948 legerit,
2531 3894 2645 3929 non

493 3972 806 4037 dubitabit,
827 3988 946 4024 eam
972 3987 1004 4023 a
1031 3968 1354 4022 Maximiano
1383 3968 1629 4039 Elegiav
1650 3983 1943 4039 expressam
1971 3984 2094 4019 esse.
2114 3964 2289 4019 Taceo
2320 3964 2421 4017 alia
2446 3962 2647 4016 Catulli

517 4078 570 4119 et
592 4061 788 4116 Tibulli
819 4058 1046 4115 carmina
1077 4057 1242 4110 multo
1273 4056 1523 4128 turpiora.
