2964 4690
562 345 652 426 24
1305 345 1945 414 PROOEMIUM

559 497 710 539 cum
745 475 1216 540 existimatione
1249 475 1536 559 dedisse,
1569 478 1824 564 alioque
1862 477 2007 540 loco
2038 476 2187 563 (lib.
2224 475 2301 556 V,
2340 477 2520 564 Epist
2570 479 2687 564 m)

561 580 628 644 in
681 581 966 670 catalogo
1011 581 1296 669 plurium
1342 599 1673 648 oratorum
1720 579 2164 645 fortitudinem
2197 571 2569 664 Alcimi‚'h.
2630 607 2686 646 e.

475 721 480 728 ·
561 685 692 750 vim
745 685 1035 768 dicendi,
1071 685 1153 750 ad
1207 688 1344 768 ejus
1392 710 1635 752 nomen
1686 685 1999 751 adludens
2021 735 2039 768 ,
2086 685 2409 775 praedicat.
2459 686 2689 775 Neque

555 790 716 854 alius
750 807 845 854 est
874 790 1142 856 Latmia
1162 791 1454 858 Alcimus
1481 791 1805 872 Alethius,
1830 792 2100 872 Rhetor,
2134 813 2329 878 quem
2360 792 2687 857 Ausonius

557 895 729 959 inter
754 895 1154 960 Professores
1180 895 1687 987 Burdigalenses,
1713 917 1909 960 carm.
1932 896 2025 976 II,
2045 895 2283 984 insigni
2310 897 2522 985 elogio
2538 918 2690 961 con-

559 999 839 1065 decorat.
871 1000 1157 1065 AEtatem
1202 1001 1340 1082 ejus
1375 1000 1670 1090 designat
1704 1001 2176 1088 Hieronymus,
2207 1001 2323 1087 qui
2369 1001 2437 1063 in
2483 1002 2687 1066 Chro-

561 1106 721 1171 nicis
770 1105 853 1170 ad
899 1110 975 1171 A.
1031 1109 1104 1171 C.
1155 1106 1282 1172 360
1326 1107 1577 1171 scribit:
1605 1105 1891 1170 Alcimus
1930 1119 1992 1168 et
2040 1104 2414 1194 Delphidius
2460 1105 2686 1171 Rheto-

563 1233 656 1275 res
687 1215 754 1275 in
776 1212 1136 1302 Aquitania
1140 1213 1593 1298 florentissime
1624 1213 1880 1291 docent,
1910 1233 2123 1299 neque
2154 1210 2456 1275 Sidonius
2488 1212 2570 1276 de
2606 1235 2687 1276 eo

557 1315 763 1398 aliter,
795 1339 994 1405 quam
1030 1315 1112 1381 de
1143 1316 1392 1406 pridem
1428 1316 1741 1381 defuncto
1774 1331 1839 1380 et
1872 1338 1941 1379 se
1975 1315 2343 1403 antiquiore
2374 1316 2681 1403 loquitur.

560 1420 867 1485 Solebant
881 1437 1098 1486 autem
1120 1422 1436 1486 Rhetores
1447 1469 1466 1504 ,
1485 1420 1919 1509 eloquentiam
1939 1420 2315 1508 profitentes
2327 1467 2346 1502 ,
2359 1443 2491 1484 una
2506 1423 2683 1508 poesi

561 1524 822 1590 studere
841 1574 859 1607 ,
888 1541 953 1590 et
993 1527 1273 1590 lectione
1318 1527 1810 1613 imitationeque
1859 1517 2197 1613 poetarum
2251 1527 2548 1603 exerceri.
2605 1529 2679 1590 In

561 1647 837 1719 utraque
869 1632 1242 1696 excelluisse
1274 1631 1600 1696 Alcimum
1618 1632 1987 1712 ,luculente
2026 1647 2293 1696 testatur
2320 1631 2681 1697 Ausonius:

841 1786 1035 1840 Palma
1069 1787 1292 1841 forensis
1309 1825 1326 1850 ‚
1357 1799 1409 1841 et
1437 1788 1791 1842 Camenarum
1822 1785 1985 1840 decus
2000 1828 2016 1852 ,

910 1875 1192 1946 Exemplar
1223 1891 1389 1928 unum
1421 1876 1480 1928 in
1508 1875 1698 1936 literis,

835 1965 986 2030 Quas
1006 1977 1098 2018 ant
1117 1965 1334 2018 Athenis
1355 1965 1513 2020 docta
1540 1965 1702 2018 coluit
1730 1964 1935 2018 Gracia
1947 2005 1962 2030 ,

905 2054 1011 2105 Ant
1040 2053 1210 2106 Roma
1237 2071 1334 2125 per
1359 2053 1569 2106 Latium
1594 2052 1737 2106 colit.

558 2201 768 2287 Atque
801 2201 937 2263 haec
972 2199 1110 2287 ipsa
1142 2200 1314 2280 laus,
1342 2199 1400 2262 ei
1439 2199 1678 2262 tributa
1710 2199 1790 2262 ab
1820 2197 2108 2262 Ausonio
2130 2245 2148 2278 ,
2180 2196 2415 2262 Graecae
2448 2198 2685 2261 Roma·-

559 2327 788 2393 naeque
813 2302 1253 2387 eruditionis,
1303 2303 1481 2368 haud
1524 2305 1645 2368 levi
1691 2302 2088 2368 documento
2137 2301 2455 2392 adprobat
2474 2351 2491 2385 ,
2544 2323 2681 2367 esse

555 2410 826 2475 omnino
851 2409 1048 2491 hujus
1068 2410 1298 2473 Alcimi
1319 2411 1602 2473 carmina
1616 2457 1633 2483 ‚
1652 2430 1795 2496 quae
1813 2408 2292 2497 proposuimus.
2324 2407 2488 2489 Quae
2506 2408 2679 2471 enim

556 2517 913 2581 Homerum
972 2535 1123 2577 cum
1168 2513 1439 2603 Virgilio
1463 2562 1480 2593 ,
1508 2513 1764 2578 Graecos
1795 2529 2017 2601 poetas
2050 2535 2200 2576 cum
2234 2512 2513 2594 Latinis,
2547 2528 2677 2576 tam

553 2634 739 2685 acute
774 2620 1178 2707 scienterque
1213 2618 1625 2683 contendunt
1642 2667 1662 2699 ,
1687 2618 1847 2707 quid
1878 2618 2053 2682 aliud
2070 2668 2088 2695 ,
2118 2641 2312 2706 quam
2346 2634 2675 2682 auctorem

553 2724 873 2816 produnt,
897 2725 964 2789 in
1001 2723 1239 2788 Graecis
1269 2725 1711 2813 Romanisque
1759 2724 1958 2788 literis
2001 2723 2523 2788 versatissimum.
2551 2722 2680 2786 Ne-

553 2855 682 2921 que
733 2832 851 2896 alia
902 2830 1038 2894 duo
1067 2830 1296 2895 Alcimi
1347 2831 1629 2894 carmina
1646 2878 1664 2911 ,
1691 2852 1836 2918 quae
1878 2829 2171 2895 lascivius
2220 2843 2679 2918 argumentum

555 2953 831 3004 tractant
849 2985 866 3017 ,
901 2936 1166 3025 indigna
1204 2959 1284 3001 eo
1335 2936 1624 3000 Rhetore
1663 2934 1952 3024 putanda
1987 2952 2159 2999 sunt.
2198 2934 2469 2998 Minime
2503 2933 2675 2997 enim

553 3041 1032 3108 Professor-ibus
1058 3063 1286 3105 eorum
1308 3056 1678 3129 temporum
1702 3037 1939 3127 pudori
1962 3040 2195 3120 fuisse,
2212 3038 2469 3103 Musam
2492 3060 2677 3102 suam

555 3146 834 3212 subinde
874 3145 1126 3210 lusibus
1158 3144 1477 3227 ejusmodi
1515 3143 2012 3209 adcommodare
2028 3194 2046 3221 ‚
2078 3146 2180 3209 vel
2214 3144 2427 3209 solum
2459 3167 2679 3209 exem·

553 3254 734 3343 plum
763 3252 1070 3334 Ausonii,
1099 3250 1547 3315 professorum
1582 3272 1717 3314 non
1756 3249 2006 3331 ultimi,
2034 3248 2280 3313 doceat.
2314 3250 2396 3313 Et
2424 3250 2474 3313 si
2506 3248 2682 3339 puel.

550 3360 678 3423 lam
699 3404 718 3437 ,
737 3356 920 3435 cujus
945 3356 1114 3420 dona
1141 3354 1359 3421 laudat
1383 3356 1452 3417 in
1479 3356 1785 3435 carmine,
1810 3352 2101 3417 Lesbiam
2128 3354 2453 3435 nominat,
2476 3354 2684 3441 suspi-

552 3486 664 3527 cor
711 3461 840 3525 hoc
885 3482 1036 3523 eum
1089 3482 1270 3525 more
1319 3460 1653 3525 Gallorum
1710 3458 2071 3522 Rhetorum
2125 3458 2351 3523 fecisse
2369 3507 2388 3540 ,
2439 3459 2681 3546 quibus

551 3569 817 3633 solenne
843 3566 970 3629 boc
995 3586 1232 3630 nomen
1257 3568 1322 3629 in
1350 3566 1580 3654 puellis
1614 3564 2014 3654 elegantibus
2047 3563 2459 3654 designandis
2482 3566 2683 3630 fuisse

551 3672 825 3737 videtur.
851 3671 956 3736 Sic
986 3672 1158 3735 enim
1190 3672 1433 3736 Marius
1452 3672 1697 3753 Victor,
1723 3670 2134 3735 Massiliensis
2160 3670 2424 3754 Rhetor,
2447 3672 2517 3735 in
2543 3694 2683 3735 car·

547 3778 724 3842 mine
757 3775 838 3840 ad
870 3777 1269 3857 Salmonem,
1293 3800 1353 3841 v.
1385 3778 1507 3840 60:

825 3920 880 3971 si
906 3917 1078 3990 gravis
1104 3917 1295 3987 ignotis
1321 3914 1573 3986 processit
1594 3914 1781 3967 Lesbia
1804 3914 2043 3985 gemmis.

545 4066 696 4128 Hoec
749 4062 1043 4127 sufficere
1101 4060 1378 4125 arbitror
1432 4059 1702 4140 indicia,
1741 4060 1822 4125 ad
1876 4060 2197 4139 carmina,
2254 4080 2394 4145 quae
2446 4056 2683 4121 Alcimi
