2964 4690
961 369 1092 436 DE
1141 367 1789 439 COLUMELLA.
2393 367 2432 438 5

321 500 394 562 in
429 512 724 561 nostrum
772 510 1106 584 syntagma
1148 497 1608 584 reciperentur.
1652 496 1779 562 Sed
1822 498 2310 586 progrediamur
2352 498 2435 563 ad

323 604 574 692 singula
613 601 806 682 hujus
842 601 1235 666 collectionis
1267 603 1549 666 carmina
1580 602 2061 667 consideranda.

417 707 488 772 L.
511 709 660 773 Iun.
679 703 1046 771 Moderatus
1071 705 1416 771 Columella
1436 755 1456 787 ‚
1485 708 1794 794 poematis
1818 708 1897 772 de
1917 707 2097 798 Cultu
2120 707 2438 772 hortorum

325 829 583 895 auctor,
619 811 972 877 Gaditanus
999 814 1236 900 patria,
1269 813 1392 876 sub
1425 813 1698 878 Claudio
1726 813 2023 900 Principe
2048 813 2207 895 fuit,
2238 815 2309 878 L.
2340 813 2443 878 Se-

327 939 532 999 necae,
567 934 634 982 et
661 919 856 982 Corn.
897 918 1100 999 Celsi,
1136 939 1300 1005 quos
1337 919 1569 1006 saepius
1600 918 1855 1000 laudat,
1892 919 2151 1006 aequalis
2185 935 2251 982 et
2280 919 2440 982 ami-

327 1045 461 1088 cus.
505 1025 600 1088 De
639 1045 720 1087 eo
765 1045 942 1086 nunc
989 1022 1263 1088 maxime
1309 1025 1657 1112 quaerimus
1682 1073 1699 1106 ,
1744 1045 1889 1112 quae
1934 1024 2254 1113 singulare
2304 1026 2441 1106 ejus

327 1149 586 1217 poema,
631 1127 808 1216 quod
852 1129 1310 1216 proponimus,
1355 1145 1670 1216 spectant.
1720 1129 1886 1193 Nam
1936 1153 2081 1218 quae
2116 1129 2199 1194 de
2226 1145 2443 1210 aetate,

327 1235 456 1306 vita
481 1250 546 1298 et
575 1234 754 1298 libris
786 1237 924 1315 ejus
957 1235 1302 1299 memorari
1325 1235 1597 1324 amplius
1620 1251 1927 1324 possunt,
1960 1258 2093 1299 non
2119 1235 2281 1300 adeo
2303 1235 2445 1299 obs-

330 1361 490 1410 cura
537 1341 640 1404 vel
677 1337 1068 1404 dubitationi
1104 1339 1385 1403 obnoxia
1424 1355 1611 1423 sunt,
1664 1355 1739 1404 ut
1784 1363 1951 1404 nova
1995 1339 2444 1428 disquisitione

332 1444 618 1532 indigere
637 1443 999 1526 videantur,
1021 1467 1168 1531 quae
1197 1442 1450 1509 dudum
1484 1467 1519 1509 a
1542 1445 1691 1508 viris
1721 1444 1925 1509 doctis
1944 1493 1960 1526 ,
1984 1445 2125 1508 Nic.
2157 1444 2445 1508 Antonio

331 1552 400 1613 in
437 1549 740 1614 Biblioth.
779 1552 960 1638 Hisp.
999 1551 1328 1633 Fabrici0,
1366 1551 1654 1614 Funccio
1676 1599 1693 1631 ,
1717 1550 2039 1632 Harlesi0,
2073 1565 2137 1614 et
2163 1547 2451 1614 Gesnero

333 1655 622 1744 inprimis
647 1656 715 1718 in
749 1655 996 1720 Praefat.
1025 1655 1110 1720 ad
1135 1657 1489 1746 Scriptores
1515 1658 1631 1720 Rei
1662 1657 1913 1720 rusticae
1939 1657 2265 1720 luculente
2296 1672 2452 1719 sunt

332 1761 636 1850 exposita.
669 1763 814 1826 Hoc
845 1777 1095 1826 tantum
1141 1785 1408 1826 monere
1441 1777 1507 1826 et
1552 1779 1844 1850 repetere
1888 1763 2014 1826 hoc
2056 1763 2201 1826 loco
2233 1762 2451 1840 liceat,

331 1866 508 1954 quod
549 1865 800 1932 dudum
843 1867 1019 1955 (huj.
1067 1891 1177 1956 op.
1218 1883 1374 1932 tom.
1412 1870 1480 1950 1,
1524 1891 1667 1957 pag.
1726 1867 1825 1932 16.
1865 1869 2059 1955 En.),
2107 1889 2313 1956 quum
2366 1865 2449 1930 de

331 1973 554 2037 Gratio
573 2021 592 2053 ,
627 1974 997 2063 Cynegetici
1032 1987 1328 2051 auctore,
1363 1997 1614 2064 agerem
1638 2023 1657 2054 ,
1690 1974 2015 2062 professus
2040 1995 2184 2038 sum
2207 2022 2225 2055 ,
2248 1971 2450 2036 videri

332 2079 754 2144 Columellam
801 2079 1082 2144 libertini
1122 2081 1374 2168 generis
1419 2081 1635 2144 fuisse.
1690 2079 2009 2168 Suspicari
2060 2077 2187 2143 hoc
2235 2080 2448 2166 ipsum

331 2205 574 2248 nomen
621 2175 993 2248 Columellae
1039 2183 1226 2270 jubet
1251 2231 1270 2266 ,
1325 2206 1460 2272 quo
1509 2167 1860 2258 uocabulo,
1911 2201 1987 2247 ut
2034 2185 2326 2247 Donatus
2373 2182 2454 2245 ad

331 2289 616 2353 Terentii
635 2289 898 2354 Phorm.
921 2279 991 2352 '11
1015 2336 1033 2371 ,
1073 2309 1098 2352 1
1119 2337 1137 2372 ‚
1168 2287 1282 2377 57,
1303 2287 1619 2371 ostendit,
1652 2287 1829 2377 apud
1854 2303 2101 2353 veteres
2126 2285 2453 2352 Romanos

331 2394 494 2460 servi
522 2396 790 2474 majores
811 2393 1044 2458 domus
1062 2394 1358 2481 adpellati
1384 2410 1557 2459 sunt.
1580 2396 1899 2458 Provocat
1917 2410 2135 2457 autem
2161 2392 2453 2456 Donatus

331 2500 414 2564 ad
435 2522 692 2571 versum
729 2502 976 2589 antiqui
1001 2518 1209 2589 poetae
1240 2500 1501 2565 Lucilii:

646 2668 826 2721 Servu'
849 2652 1024 2739 neque
1049 2664 1246 2721 infidus
1267 2665 1521 2731 domino,
1545 2685 1721 2736 neque
1742 2665 1930 2717 inutili’
1947 2664 2191 2737 cuiquam
2212 2704 2226 2729 ,

647 2753 817 2808 Lucili
845 2754 1124 2807 columella
1149 2753 1237 2806 hic
1265 2752 1382 2805 situ’
1410 2752 1799 2823 Metrophanes.

335 2923 550 3005 Quem
583 2918 884 2985 eumdem
911 2938 1167 2983 versum
1201 2917 1456 3005 repetiit
1482 2916 1790 2981 Martialis
1810 2964 1828 2996 ,
1853 2914 1969 2996 xl,
1986 2938 2094 3000 91.
2114 2914 2456 2978 Salmasius

335 3026 601 3115 quidem
622 3075 641 3107 ,
679 3024 951 3091 Exercit.
991 3024 1150 3089 Plin.
1179 3046 1320 3112 pag.
1363 3020 1491 3109 859
1512 3071 1529 3103 ,
1571 3018 1973 3086 columellam
2002 3020 2071 3081 in
2106 3040 2298 3082 versu
2331 3019 2459 3081 Lu-

333 3132 462 3196 cilii
511 3132 742 3219 accipit
783 3153 906 3219 pro
953 3140 1108 3223 σπὶλζῃ
1159 3131 1460 3193 columna
1500 3130 1633 3193 sive
1674 3128 1900 3216 cippo,
1944 3126 2057 3213 qui
2094 3125 2454 3215 imponitur

331 3238 660 3326 sepulcro,-
686 3256 895 3324 eoque
920 3258 1180 3302 sensum
1205 3233 1342 3314 ejus
1369 3256 1507 3297 esse
1525 3235 1613 3297 ait
1628 3282 1645 3313 ,
1674 3234 1796 3296 sub
1818 3232 1939 3297 hac
1962 3230 2299 3295 columella
2323 3232 2455 3295 sive

333 3353 490 3420 στήλῃ
543 3344 740 3407 situm
789 3363 926 3406 esse
986 3340 1476 3429 Metrophanem
1498 3388 1516 3420 ,
1561 3360 1813 3415 servum
1862 3336 2107 3400 Lucilii.
2170 3338 2257 3399 At
2302 3358 2455 3399 sane

335 3447 574 3513 Donati
619 3447 740 3512 hae
775 3448 841 3511 in
881 3470 952 3511 re
991 3447 1338 3521 auctoritas
1373 3445 1627 3534 gravior
1671 3464 1807 3506 esse
1840 3440 2063 3523 debet,
2114 3456 2180 3505 et
2224 3439 2457 3527 probat

333 3549 470 3633 ejus
510 3552 892 3620 sententiam
923 3550 1344 3637 defenditque
1375 3546 1727 3615 Gatakerus
1754 3545 1981 3627 Cinni,
2020 3544 2151 3609 sive
2184 3543 2449 3609 Advers.

333 3658 602 3725 Miscell.
663 3658 774 3723 lib.
804 3658 908 3739 11,
950 3680 1086 3746 cap.
1134 3677 1249 3736 ao,
1287 3676 1432 3744 pag.
1476 3653 1624 3730 384.
1673 3652 1933 3739 Quippe
1970 3649 2265 3738 pluribus
2302 3648 2456 3712 locis

335 3762 642 3829 Veterum
663 3764 947 3828 columen
969 3764 1190 3827 domus
1208 3811 1226 3843 ,
1234 3760 1532 3849 familiae
1550 3806 1568 3840 ,
1602 3758 1809 3822 dictos
1831 3776 1967 3821 esse
1994 3750 2209 3819 servos
2234 3752 2454 3818 fideles

335 3868 682 3959 adprobat,
730 3893 767 3934 e
814 3870 1052 3957 quibus
1091 3870 1228 3959 ipse
1269 3866 1557 3936 Terentii
1606 3862 1887 3931 columen
1901 3859 2195 3948 familia-⁹
2226 3860 2453 3929 Getam

333 3996 590 4039 servum
649 3974 840 4057 dicit,
875 3991 942 4039 et
981 3988 1284 4062 praeterea
1329 3971 1559 4035 Cicero
1608 3968 1677 4031 in
1716 3968 1895 4032 Verr.
1958 3968 2088 4043 111,
2152 3986 2291 4051 cap.
2330 3962 2455 4049 76:

337 4110 362 4134 α
385 4078 857 4161 Timarchides,
891 4080 1192 4145 columen
1227 4076 1480 4141 familiae
1525 4089 1777 4156 vestra»,
1820 4074 2052 4159 premit
2088 4072 2301 4135 fauces
2344 4068 2453 4130 de·
