2964 4690
718 306 849 373 DE
902 304 1379 372 AUCTORE
1429 306 2068 377 ELEGIARUM.
2330 308 2450 379 151

338 438 459 501 luas
510 436 827 524 expellere
873 438 1113 523 scripto
1157 438 1239 499 ab
1288 460 1354 499 se
1403 438 1760 501 Doctrinali
1785 462 2126 527 puerorum
2171 458 2476 505 conatum

344 566 503 609 esse.
540 541 669 607 Sed
704 542 845 606 haec
887 542 1049 605 ratio
1085 540 1466 605 definiendae
1509 544 1878 609 Maximiani
1920 546 2119 609 aetatis
2161 547 2316 611 levis
2359 547 2476 611 ad-

346 647 619 713 modum
658 663 723 712 et
754 647 969 734 inepta
1006 664 1140 727 est,
1182 647 1503 735 siquidem
1551 650 1794 713 multos
1841 652 2185 738 scriptores
2231 669 2478 717 veteres

348 755 685 819 nominare
708 777 1055 842 possumus
1072 804 1092 835 ,
1115 778 1284 843 quos
1306 750 1497 822 certo*
1507 756 1745 821 scimus
1771 758 2050 845 antiquis
2072 760 2478 847 temporibus

348 858 681 941 floruisse,
716 882 933 949 neque
966 873 1184 924 tamen
1216 858 1512 925 videmus
1545 879 1695 929 ante
1727 864 1843 927 oevi
1877 864 2072 928 medii
2107 880 2222 928 aut
2251 886 2476 929 recen-

350 966 515 1029 tiora
544 980 837 1053 tempora
864 988 901 1029 a
934 988 1269 1053 quoquam
1306 966 1433 1029 alio
1464 968 1778 1057 scriptore
1813 968 2012 1032 citari.
2050 968 2282 1058 Neque
2318 969 2478 1055 illud

350 1070 540 1159 plane
566 1070 907 1136 admittere
952 1094 1300 1159 possumus
1319 1118 1339 1153 ,
1382 1071 1566 1160 quod
1597 1074 1860 1138 Moneta
1897 1073 2189 1138 adfirmat
2210 1124 2228 1156 ,
2273 1074 2478 1139 Maxi-

352 1176 547 1239 miani
586 1176 837 1266 Elegias
876 1176 958 1241 ab
994 1175 1359 1241 Alexandro
1402 1175 1734 1243 damnatas
1767 1200 1926 1243 esse.
1968 1178 2134 1242 Nam
2166 1180 2363 1243 alium
2398 1182 2480 1243 ab
2597 1234 2618 1242 -

351 1303 433 1345 eo
454 1279 922 1345 Maximianum
952 1280 1253 1361 indicari,
1280 1280 1776 1347 versificatorem
1807 1286 2296 1371 grammaticum
2317 1334 2336 1367 ,
2365 1308 2482 1349 na·
2603 1344 2618 1359 ,

352 1386 533 1449 tione
560 1386 853 1466 Gallum,
892 1388 1005 1475 qui
1050 1409 1155 1451 an.
1198 1409 1365 1451 1200
1402 1388 1666 1468 vixerit,
1713 1390 2114 1454 Fontaninns
2160 1390 2408 1455 idoneis
2449 1414 2484 1455 e

351 1491 625 1555 testibus
654 1492 973 1580 probavit.
1004 1494 1103 1557 De
1130 1516 1267 1581 quo
1298 1494 1425 1557 alio
1450 1494 1598 1557 loco
1623 1492 1915 1559 dicemus
1947 1496 2233 1560 uberiuS.

439 1596 569 1661 Sed
612 1597 1195 1685 accedimus-nunc
1228 1597 1311 1663 ad
1342 1614 1594 1664 aetatem
1627 1600 1998 1665 Maximiani
2033 1602 2485 1692 Elegiographi

354 1700 825 1787 definiendam,
860 1722 927 1769 et
966 1704 1222 1793 potiora
1257 1704 1401 1767 vitae
1442 1703 1582 1784 ejus
1612 1722 1944 1771 momenta
1975 1707 2442 1773 consideranda
2467 1758 2484 1791 ,

356 1830 503 1893 quae
544 1830 623 1872 ex
664 1810 805 1891 ejus
856 1810 1251 1875 oerminibus
1298 1832 1530 1873 eruere
1582 1826 1650 1874 et
1698 1834 2090 1900 cognoscere
2129 1814 2365 1879 licebit.
2408 1817 2484 1880 In

360 1914 615 1979 Etruria
660 1932 887 1980 natum
936 1915 1418 2005 educatumque
1466 1917 1702 1999 fuisse,
1749 1919 2048 2006 pluribus
2089 1920 2243 1984 locis
2287 1922 2486 2011 signi-

358 2018 539 2100 fieat,
584 2037 661 2083 ut
704 2020 879 2111 Eleg.
930 2023 994 2102 1,
1035 2020 1153 2108 593
1187 2024 1267 2103 V,
1312 2020 1349 2085 5
1394 2038 1461 2085 et
1498 2025 1582 2100 4⁰
1613 2020 1729 2110 (ι).
1765 2024 2008 2087 studiis
2043 2025 2492 2112 exercitiisque

354 2124 663 2189 omnibus
684 2173 703 2207 ,
756 2126 997 2213 quibus
1037 2128 1311 2207 juvenes
1354 2128 1578 2191 Romae
1625 2126 1866 2191 erudiri
1915 2129 2162 2208 solent,
2211 2132 2492 2211 vaoevit3

356 2230 653 2294 oratoriae
684 2253 760 2294 ac
802 2232 1071 2318 poetica
1099 2231 1221 2295 arti
1247 2254 1319 2295 se
1344 2230 1527 2296 dedit
1549 2230 1957 2314 adolescens,
1985 2249 2181 2321 atque
2209 2235 2274 2297 in
2309 2250 2488 2299 utra-

357 2357 491 2421 que
515 2336 833 2424 palaestra,
866 2336 1317 2404 declamatoria
1340 2355 1409 2402 et
1433 2338 1733 2427 gymnica
1753 2387 1772 2420 ,
1794 2340 2114 2406 exercitus
2135 2364 2257 2430 pro
2281 2342 2490 2429 palma

359 2443 625 2506 certavit
658 2465 677 2507 t
730 2443 905 2534 Eleg.
962 2445 1030 2526 1,
1078 2468 1121 2531 9
1140 2491 1159 2526 ‚
1214 2467 1395 2532 seqq.
1448 2446 1652 2532 gratia
1672 2491 1690 2526 ,
1747 2459 2082 2510 venustate
2101 2495 2122 2528 ,
2173 2447 2490 2538 agilitate,

360 2563 559 2610 cantu
578 2594 597 2627 ,
628 2564 865 2612 venatu
884 2596 903 2628 ,
934 2549 1305 2613 valetudine
1331 2565 1397 2612 et
1426 2549 1720 2635 corporis
1745 2538 1990 2613 uiribus
2010 2599 2028 2624 ,
2060 2551 2306 2640 vigilia,
2327 2569 2490 2616 tem-

362 2653 687 2738 perantia3
720 2653 835 2717 sed
870 2657 1063 2718 etiam
1100 2654 1479 2718 temulentia
1511 2655 1787 2740 aequales
1823 2677 1893 2719 se
1923 2677 2080 2719 suos
2111 2657 2267 2721 dicit
2303 2682 2495 2746 supe-

362 2779 555 2823 rasse.
589 2759 783 2823 Casto
814 2776 883 2824 et
912 2759 1082 2824 duro
1116 2759 1381 2848 ingenio
1411 2781 1481 2822 se
1522 2757 1996 2824 adolescentem
2034 2760 2230 2839 jactat
2261 2764 2460 2828 fuisse
2475 2813 2494 2843 ‚

362 2877 442 2925 ut
476 2866 767 2949 quamvis
801 2864 1093 2952 pluribus
1128 2887 1166 2926 a
1198 2863 1429 2950 puellis
1468 2860 1960 2945 desideraretur,
2003 2865 2244 2930 nullius
2276 2883 2492 2932 tamen

364 2989 585 3032 amore
614 2968 842 3058 illigari
869 2969 1056 3033 vellet
1077 3016 1096 3049 ,
1138 2968 1234 3031 El.
1265 2968 1295 3030 I
1316 3016 1335 3049 ,
1377 2971 1465 3054 74
1503 2989 1636 3054 seq.
1679 2967 1878 3050 Quod
1904 2984 2123 3034 autem
2151 2971 2398 3036 artibus
2431 2989 2498 3036 et

365 3071 682 3136 exercitiis
714 3073 1083 3138 memoratis
1112 3071 1461 3138 decertavit
1492 3093 1644 3135 cum
1669 3071 1804 3136 aliis
1821 3120 1839 3154 ,
1871 3071 1938 3136 id
1965 3073 2155 3161 plane
2178 3076 2462 3141 ostendit
2479 3125 2503 3158 „

364 3177 596 3246 vixisse
628 3201 779 3244 eum
810 3179 1118 3264 juvenem
1148 3181 1370 3242 Romae
1392 3225 1411 3260 ,
1448 3192 1516 3240 et
1551 3177 1768 3242 multis
1801 3178 2046 3242 soeculis
2078 3194 2229 3244 ante
2259 3179 2502 3246 duode-

367 3283 652 3364 cimum,
682 3283 753 3346 in
782 3282 967 3372 quod
998 3307 1153 3350 eum
1188 3281 1537 3349 detrudere
1565 3281 1931 3347 Bernardus
1965 3283 2228 3350 Moneta
2261 3286 2331 3349 in
2363 3287 2498 3350 Me-

370 3388 659 3479 nagianis
696 3404 990 3471 conatur,
1026 3387 1358 3469 floruisse,
1388 3387 1466 3450 iis
1505 3409 1742 3476 nempe
1775 3387 2178 3476 temporibus
2203 3437 2221 3471 ,
2265 3392 2502 3478 quibus

374 3495 665 3558 Romana
702 3494 1009 3573 juventus
1040 3494 1216 3558 hisce
1245 3493 1495 3556 artibus
1528 3493 1886 3556 etiamnum
1921 3495 2198 3558 exerceri
2234 3497 2501 3562 solebat.

372 3599 678 3688 vegetius
726 3599 941 3663 saeculi
989 3601 1045 3663 V
1102 3599 1399 3688 scriptor,
1443 3597 1612 3660 libro
1663 3599 1690 3661 1
1743 3596 1824 3662 de
1869 3600 1964 3662 Re
2011 3599 2192 3665 milit.
2241 3625 2378 3690 cap.
2423 3603 2500 3692 3,

375 3706 633 3772 scribit:
661 3707 948 3772 sudorem
974 3729 1165 3772 cursu
1186 3721 1247 3772 et
1264 3706 1601 3794 campestri
1617 3708 1912 3770 exmcitio
1939 3705 2264 3772 collectum
2287 3711 2506 3774 nando

448 3937 525 4004 (ι)
543 3933 645 3988 Sed
670 3953 779 4007 quo
800 3952 953 3989 sensu
982 3935 1220 4002 Etruria,
1236 3937 1488 3991 Etruscus
1515 3945 1568 3988 et
1585 3935 1789 3988 Tuscus
1819 3955 1931 3990 aevo
1953 3935 2256 3990 Maximiani
2276 3935 2502 4006 dicatur,

378 4023 607 4078 indicavi
634 4023 687 4076 in
713 4023 893 4080 adnot.
926 4023 991 4078 ad
1021 4025 1245 4096 Eleg-V,
1276 4024 1323 4078 5.
