2964 4690
1370 294 1388 329 ,
1740 298 1754 314 .

796 342 1435 453 MAxlmlAuo
1495 384 2036 455 Amnem.
2349 383 2476 481 175

360 514 607 578 tionem
643 534 863 579 rerum
898 512 1379 602 verborumque
1414 513 1690 579 sufficiet
1708 562 1728 595 ‚
1764 514 1902 579 loca
1935 528 2226 579 veterum
2257 534 2478 604 poeta-

358 638 551 698 rum,
592 638 875 705 quorum
922 618 1185 707 ingenio
1228 634 1295 683 et
1346 618 1558 683 verbis
1606 620 1737 681 fere
1781 620 1988 682 utitur
2021 617 2478 703 Maximianus,

358 738 731 811 opportune
756 724 1143 810 conquirere
1167 739 1233 787 et
1260 722 1562 788 indicare.

450 828 821 893 Maximiani
857 828 1091 919 Elegiis
1122 828 1418 917 adjungi,
1453 844 1650 917 atque
1691 828 1814 893 hac
1853 830 1922 893 in
1973 830 2170 893 classe
2216 834 2482 896 Amato-

360 934 611 997 riorum
667 934 947 1023 proponi
990 958 1029 999 a
1078 933 1265 997 nobis
1318 949 1572 1021 poterat
1589 982 1608 1015 ,
1651 956 1795 1021 quae
1829 956 1867 998 a
1903 933 2213 999 Goldasto
2256 936 2498 1025 inscri-⁴

362 1040 545 1105 bitur
578 1040 797 1105 Ovidii
822 1040 1097 1105 Iunior-is
1128 1062 1394 1103 somnus.
1432 1040 1732 1128 Namque
1765 1040 1934 1105 hanc
1965 1042 2246 1131 Elegiam
2285 1042 2485 1108 Aldus

362 1146 699 1211 Manutius
715 1194 733 1227 ,
768 1146 1056 1233 quicum
1082 1146 1215 1209 vita
1241 1144 1453 1209 Ovidii
1477 1146 1764 1235 vulgavit
1788 1146 2072 1211 Venetiis
2110 1145 2270 1212 1515
2286 1195 2307 1229 ,
2331 1147 2486 1230 in·8,

365 1252 623 1341 negavit
642 1252 725 1316 ab
758 1250 995 1317 ovidio
1018 1254 1369 1340 profectam
1402 1274 1572 1333 esse,
1596 1250 2000 1333 adsentiente
2033 1252 2386 1335 Goldast0‚
2423 1270 2488 1319 et

364 1358 433 1421 in
480 1356 955 1445 antiquioribus
1002 1354 1395 1420 editionibus
1413 1402 1433 1437 ,
1480 1378 1626 1443 quae
1671 1378 1707 1419 e
1753 1356 2130 1421 recensione
2175 1359 2304 1423 Jac.
2359 1358 2486 1423 Mi-

364 1461 511 1551 cylli
546 1479 611 1527 et
648 1460 843 1551 Greg.
882 1462 1297 1545 Bersmanni,
1343 1478 1407 1525 et
1447 1460 1622 1549 apud
1665 1452 2034 1549 Gryphium
2063 1462 2487 1550 prodierunt,

364 1590 441 1633 ea
454 1566 535 1632 ad
560 1568 799 1633 calcem
814 1566 1173 1632 Heroidum
1200 1583 1267 1632 et
1283 1570 1600 1631 Amorum
1629 1567 1864 1649 Ovidii,
1897 1583 2224 1656 tamquam
2259 1572 2488 1635 catale-

364 1690 539 1757 cton,
552 1674 853 1755 rejicitur,
864 1689 939 1738 ut
956 1674 1390 1762 fragmentum
1410 1695 1489 1735 ex
1499 1672 2104 1762 Epigrammatibus.
2131 1675 2486 1763 Postquam

365 1802 523 1844 vero
546 1803 583 1843 a
606 1780 951 1846 Dominico
971 1780 1180 1845 Mario
1194 1826 1215 1860 ,
1246 1794 1313 1844 et
1336 1778 1600 1843 duobus
1620 1779 1898 1843 Heinsiis
1921 1779 2334 1845 observatum
2357 1797 2455 1845 est
2469 1828 2488 1863 ,

366 1888 437 1949 in
460 1886 721 1975 optimis
748 1900 815 1951 et
837 1884 1195 1949 veterrimis
1224 1882 1558 1948 codicibus
1587 1884 1818 1972 Msptis
1845 1906 1986 1949 eam
2011 1884 2294 1973 Elegiam
2319 1887 2490 1951 inter

368 1992 641 2055 Amores
671 1988 907 2072 ovidii,
944 1990 1055 2055 lib.
1089 1991 1224 2071 111,
1268 1990 1365 2055 El.
1404 1988 1477 2069 5,
1514 2004 1758 2053 exstare
1778 2037 1799 2071 ,
1837 1990 2028 2078 coepit
2061 1988 2369 2081 deinceps
2403 1992 2486 2055 ab

369 2095 761 2177 editoribus,
794 2110 1123 2183 tamquam
1161 2095 1520 2184 genuinum
1553 2110 1619 2158 et
1647 2092 2086 2159 indubitatum
2115 2096 2332 2161 Ovidii
2357 2098 2489 2161 Na-

368 2202 547 2268 sonis
580 2223 836 2267 carmen
859 2248 879 2284 ,
910 2224 990 2266 eo
1020 2202 1167 2266 loco
1198 2201 1449 2289 reponi.
1491 2199 1690 2283 Quod
1715 2202 2006 2291 inprimis
2043 2224 2080 2265 a
2114 2202 2308 2267 Petro
2334 2206 2490 2267 Bur·

372 2328 614 2372 manno
658 2306 727 2371 in
771 2306 1029 2372 duabus
1077 2306 1294 2372 Ovidii
1337 2305 1733 2372 editionibus
1753 2357 1772 2390 ‚
1819 2306 2072 2372 minore
2110 2324 2178 2374 et
2207 2307 2450 2390 majore
2471 2357 2488 2390 ,

372 2415 611 2478 factum
652 2429 771 2478 est.
812 2407 1023 2503 Igitur
1062 2413 1215 2500 quia
1252 2411 1466 2477 Ovidii
1508 2433 1682 2494 esse,
1718 2435 1852 2476 non
1893 2403 2227 2478 dubitatur
2261 2414 2456 2480 hodie
2473 2463 2492 2495 ,

372 2522 521 2586 etin
549 2521 1091 2609 proestantissimis
1124 2519 1411 2601 ejusdem
1431 2519 1830 2584 editionibus
1857 2522 2190 2611 vulgatum
2217 2521 2492 2588 illustra-

372 2643 643 2715 tumque
670 2643 796 2708 est,
828 2627 1011 2691 nolui
1042 2625 1380 2714 equidem,
1406 2648 1528 2690 nec
1553 2623 1784 2706 debui,
1815 2641 2148 2714 tamquam
2174 2627 2492 2718 singulare

370 2732 603 2798 diversi
632 2747 839 2821 poetoe
869 2753 1127 2796 carmen
1154 2730 1522 2795 collectioni
1553 2751 1712 2792 mese
1741 2729 2040 2796 inserere.

458 2837 765 2902 Poterant
796 2837 1109 2902 nonnulla
1138 2836 1261 2900 alia
1288 2835 1597 2902 Veterum
1617 2835 1899 2899 carmina
1933 2835 2016 2900 ad
2049 2835 2220 2900 hanc
2235 2839 2494 2902 Amato-

372 2943 621 3008 riorum
654 2941 917 3008 classem
950 2943 1173 3007 referri
1191 2989 1211 3027 ,
1253 2959 1327 3007 ut
1358 2941 1648 3006 Petronii
1677 2941 1757 3005 de
1785 2941 2038 3005 muliere
2041 2939 2340 3030 jin-mosa
2371 2945 2494 3008 fra-

374 3063 715 3138 gmentum
734 3097 751 3130 ,
787 3047 1041 3112 Arborii
1090 3048 1309 3138 Elegia
1350 3047 1443 3111 ad
1486 3048 1848 3137 Nympkam
1897 3051 2080 3112 nimis·
2123 3047 2393 3131 cultam„
2431 3066 2496 3114 et

374 3155 614 3220 Incerti
644 3153 919 3242 lyricum
958 3155 1053 3218 ad
1084 3153 1373 3241 Lydiam.
1400 3151 1530 3218 Sed
1552 3151 1690 3217 haec
1716 3151 1968 3218 dudum
2001 3155 2218 3219 locum
2255 3155 2320 3218 in
2355 3156 2493 3220 aliis

372 3259 681 3324 classibus
732 3259 961 3350 Operis
1004 3260 1133 3324 mei
1186 3259 1616 3340 invenerunt,
1669 3276 1736 3324 et
1793 3277 1950 3324 tom.
1984 3260 2048 3325 11
2079 3275 2146 3324 et
2179 3261 2274 3324 111
2313 3261 2492 3326 Poet.

376 3365 535 3430 min.
563 3366 891 3454 leguntur.
918 3366 999 3429 In
1022 3363 1263 3431 Codice
1302 3365 1419 3429 MS
1447 3363 1854 3430 bibliothecae
1880 3365 2089 3430 Gueli.
2117 3367 2494 3432 Triumviris

378 3475 689 3538 Amorum
716 3470 1001 3553 Catullo,
1032 3471 1175 3536 Tib.
1221 3471 1412 3560 Prop.
1450 3469 1694 3536 adnexa
1732 3471 1966 3560 legitur
2005 3471 2220 3560 Elegia
2253 3473 2334 3537 ad
2367 3476 2497 3539 De·-

378 3578 525 3644 liam
544 3627 561 3660 ,
596 3577 857 3666 antiqua
889 3578 1321 3665 manuscripta
1340 3624 1359 3658 ,
1390 3599 1536 3664 quae
1565 3576 1831 3665 incipit:
1869 3577 2058 3641 Delia
2057 3576 2338 3664 fimitaei
2356 3563 2494 3668 spe-

376 3687 574 3750 cimen
604 3683 957 3749 venerabile
1002 3707 1211 3748 sexus.
1260 3684 1445 3748 Hanc
1472 3683 1622 3771 quia
1667 3681 2020 3772 elegantem
2067 3684 2385 3772 planeque
2415 3685 2500 3752 ad

376 3789 689 3855 Veterum
726 3791 989 3879 genium
1024 3790 1449 3877 compositam
1485 3787 1882 3877 reperiebam
1907 3837 1926 3870 ‚
1975 3813 2202 3878 parum
2249 3790 2500 3872 aberat,

378 3895 539 3984 quin
584 3895 687 3960 his
726 3895 1065 3960 Amatoriis
1110 3895 1548 3985 adjungerem.
1585 3893 1713 3959 Sed
1745 3893 2182 3960 intercedebat
2220 3897 2500 3983 suspicio

380 4023 515 4066 non
536 4001 724 4082 levis,
746 4025 883 4066 esse
904 4025 940 4065 a
958 4001 1315 4066 recentiore
1336 4016 1528 4089 poeta
1544 4049 1561 4082 ,
1581 4000 1848 4064 fortasse
1866 4001 2027 4066 Italo
2049 4048 2066 4082 ,
2091 3999 2304 4064 saeculi
2327 4001 2500 4080 xlv,

376 4108 479 4204 vel
506 4107 665 4189 XV,
700 4109 1035 4198 scriptam,
1064 4131 1261 4195 quem
1293 4107 1610 4172 curiosius
1643 4107 2020 4196 investigare
2053 4130 2186 4170 non
2220 4108 2516 4180 vacabam,
