2964 4690
583 379 840 448 VITA
893 379 1022 444 ET
1074 377 1343 446 ACTA
1394 375 2023 444 MAXIMIANI.
2234 370 2360 467 157

245 511 396 576 adeo
431 507 754 573 creditam
789 507 890 571 his
927 508 1146 596 legatis
1189 522 1414 595 putat,
1459 522 1532 569 ut
1568 503 1651 569 ad
1694 505 2097 570 Anastasium
2136 506 2370 594 Imper.

247 617 656 704 perferretur.
709 613 1021 701 Idemque
1075 614 1271 677 sentit
1331 612 1733 676 Fontaninus
1760 659 1778 692 ,
1840 634 1977 700 qap.
2034 607 2167 690 ΙΙΙ,
2218 617 2253 691 S
2293 612 2374 692 V,

249 747 305 810 p.
332 723 432 787 56.
457 719 587 786 Sed
617 721 758 785 falsi
791 743 928 785 esse
960 743 1030 784 ea
1065 721 1132 783 in
1165 743 1236 782 re
1270 719 1592 784 videntur.
1624 719 1787 782 Nam
1818 717 1953 781 haec
1980 719 2213 806 legatio
2239 741 2375 782 non

252 828 326 892 ad
369 829 826 908 Anastasium,
873 825 984 890 sed
1047 825 1128 889 ad
1186 829 1516 889 Zenonem
1576 825 1859 912 primum
1915 823 2154 888 directa
2201 842 2375 908 erat,

251 933 354 997 sed
391 934 730 996 Anastasio
773 931 1038 996 demum
1083 947 1394 1020 regnante
1437 931 1915 1011 revertebatur,
1956 953 2077 994 nec
2108 931 2379 994 omnino

251 1038 327 1103 de
377 1062 536 1128 pace
591 1055 656 1102 et
705 1037 982 1102 amicitia
1038 1059 1190 1101 cum
1244 1039 1638 1125 Imperatore
1690 1036 1975 1100 Orientis
2030 1035 2375 1118 firmanda,

253 1144 424 1231 quod
471 1142 739 1231 quidem
787 1143 1056 1230 epistola
1097 1141 1491 1206 Theodorici
1526 1141 1701 1224 vult,
1748 1141 1915 1230 egit,
1967 1140 2081 1204 sed
2124 1157 2377 1206 tantum

252 1249 329 1313 de
363 1248 783 1314 concedenda
819 1248 942 1312 sibi
977 1249 1156 1337 regia.
1183 1247 1515 1338 dignitate.
1553 1247 1637 1310 Et
1678 1247 1947 1310 fortasse
1982 1263 2252 1311 eventus
2284 1248 2377 1310 le-

252 1355 524 1442 gationis
571 1354 712 1433 ejus
759 1375 894 1416 non
934 1353 1124 1440 plane
1157 1353 1242 1416 ad
1275 1375 1456 1440 spem
1497 1369 1562 1416 et
1594 1369 1821 1416 votum
1854 1352 2243 1416 Theodorici
2278 1376 2383 1417 re-

253 1457 621 1546 sponderat.
641 1457 1100 1521 succensuisse
1127 1458 1414 1546 primum
1443 1456 1855 1520 Theodorico
1883 1458 2259 1522 Anastasius
2283 1459 2380 1521 vi-

253 1563 438 1628 detur
459 1611 478 1644 ,
529 1561 712 1650 quod
766 1563 1017 1651 regium
1062 1585 1301 1626 nomen
1351 1562 1725 1626 inconsulto
1774 1563 2169 1650 Imperatore
2210 1563 2380 1628 adr-i-

253 1666 530 1753 puisset,
561 1680 629 1728 et
661 1665 947 1750 iniquius
979 1662 1424 1751 respondisse3
1461 1686 1612 1727 mox
1644 1679 1863 1728 autem
1893 1664 2378 1730 Theodoricum

253 1773 473 1835 tollere
513 1771 808 1834 subortas
844 1769 1330 1852 contentiones,
1363 1785 1427 1833 et
1457 1785 1798 1833 nutantem
1830 1773 2000 1834 inter
2026 1787 2380 1858 utrumque

253 1877 598 1966 imperium
630 1874 1048 1943 concordiam
1078 1873 1496 1957 confirmare,
1524 1874 1709 1940 novis
1736 1877 2101 1940 oratoribus
2129 1878 2339 1952 missis
2360 1925 2377 1958 ,

254 1982 614 2065 studuisse,
644 1981 944 2070 colligere
982 2003 1019 2043 e
1053 1981 1265 2044 verbis
1299 1981 1482 2060 licet,
1530 2004 1674 2068 quae
1714 1982 1781 2044 in
1823 1981 2157 2070 Excerptis
2190 1983 2379 2046 Vale·

255 2088 440 2152 sianis
485 2109 686 2176 porro
727 2087 1077 2174 leguntur:
1115 2114 1140 2139 ιι
1171 2085 1362 2148 Facta
1403 2107 1559 2172 pace
1600 2109 1749 2149 cum
1798 2087 2130 2150 Anastasio
2165 2089 2381 2174 Impe-

255 2209 458 2257 ratore
493 2214 614 2280 per
647 2193 911 2268 Festum
948 2189 1030 2254 de
1067 2191 1573 2277 praesumptione
1606 2191 1825 2278 regni,
1854 2206 1920 2254 et
1945 2191 2165 2255 omnia
2196 2215 2381 2256 orna-

259 2315 468 2363 menta
499 2296 752 2387 palatii,
788 2318 934 2383 quae
972 2294 1314 2360 Odoacher
1344 2296 1972 2384 Constantinopolim
2010 2299 2381 2364 transmise-

259 2422 381 2486 rat,
423 2402 763 2467 remittit».
812 2400 913 2465 Ad
957 2401 1126 2465 hanc
1166 2400 1551 2490 legationem
1598 2424 1713 2490 per
1752 2402 2015 2465 Festum
2058 2421 2383 2491 peractam
2474 2484 2481 2491 ι

259 2526 424 2573 reete
471 2510 619 2572 Car.
671 2506 970 2596 Sigonius
1024 2504 1157 2593 (1),
1208 2522 1276 2570 et
1325 2506 1525 2569 Henr.
1577 2504 1863 2569 Valesius
1910 2508 2003 2594 (α’)
2045 2509 2383 2596 epistolam

257 2615 650 2681 Theudorici
691 2612 1214 2678 adcommodant.
1260 2612 1428 2677 Nam
1478 2614 1547 2676 in
1596 2612 1703 2676 illa
1751 2612 1987 2677 diserte
2032 2614 2379 2702 profitetur

257 2719 700 2785 Theodoricus
727 2743 742 2783 ε
773 2750 798 2775 «ι
828 2718 1109 2782 Proinde
1145 2719 1330 2781 illum
1362 2734 1426 2781 et
1460 2719 1641 2781 illum
1678 2718 2013 2807 legationis
2052 2720 2267 2784 officio
2299 2722 2377 2785 ad

257 2826 727 2891 serenissimam
770 2825 1075 2911 pietatem
1103 2840 1377 2887 vestram
1420 2821 1915 2905 destinavimus,
1948 2840 2023 2886 ut
2057 2826 2385 2891 sinceritas

257 2934 424 3018 pacis
449 2978 470 3013 ,
517 2952 668 3017 quae
717 2928 956 2993 caussis
997 2928 1479 3017 emergentibus
1518 2929 1933 3017 cognoscitur
1962 2952 2101 2993 esse
2134 2931 2345 2995 vitiata
2366 2982 2385 3015 ,

256 3037 520 3102 detersis
557 3035 1092 3100 contentionibus
1113 3083 1130 3116 ,
1165 3036 1234 3098 in
1279 3058 1396 3100 sua
1430 3034 1734 3123 deinceps
1766 3033 2063 3099 firmitate
2092 3038 2387 3103 restituta

257 3158 680 3229 permaneat:
728 3141 882 3228 quia
930 3142 1066 3228 pati
1110 3162 1228 3205 vos
1299 3162 1432 3205 non
1498 3140 1819 3205 credimus
1870 3142 2042 3205 inter
2085 3158 2388 3232 utrasque

253 3248 712 3337 Respublicas,
763 3268 1042 3334 quarum
1097 3268 1353 3334 semper
1401 3268 1609 3311 unum
1654 3270 1890 3334 corpus
1932 3247 2057 3310 sub
2106 3250 2387 3338 antiquis

251 3354 669 3442 Principibus
697 3352 894 3417 fuisse
916 3351 1304 3433 declaratur,
1333 3350 1575 3439 aliquid
1597 3351 1929 3416 discordiae
1946 3376 2323 3440 permanere
2341 3388 2385 3420 n.

342 3459 446 3526 Ad
475 3462 647 3525 hanc
677 3480 902 3546 pacem
933 3456 1248 3522 adludens
1277 3458 1549 3522 Senatus
1579 3459 1945 3535 Romanus,
1981 3460 2389 3526 Anastasium

251 3570 628 3655 Augustum
656 3564 916 3629 adfatur
941 3563 1154 3629 verbis
1174 3612 1193 3646 ,
1229 3586 1374 3652 quae
1401 3562 1761 3627 Hormisdae
1788 3563 1985 3628 literis
2012 3566 2393 3632 intexuntur

245 3672 431 3761 apud
469 3671 818 3736 Batonium
858 3692 960 3735 an.
1002 3668 1128 3735 515
1150 3718 1169 3751 ,
1203 3674 1240 3750 S
1271 3669 1515 3733 XLIV:
1548 3698 1573 3723 κ
1598 3668 1877 3733 Proinde
1897 3716 1915 3751 ,
1947 3670 2231 3757 piissime
2259 3675 2390 3737 Im-

244 3795 539 3867 perator,
571 3778 712 3841 haec
753 3798 874 3840 suo
917 3776 1180 3839 nomine
1215 3776 1485 3839 Senatus
1512 3774 1867 3840 serenitatis
1894 3792 2020 3841 tuae
2055 3779 2391 3842 clementia

320 4000 409 4065 (ι)
443 3999 522 4049 De
546 3994 824 4050 occident.
845 3996 981 4067 Imp.
1007 3995 1098 4048 lib.
1121 3994 1252 4047 XVI
1272 4032 1288 4059 ,
1325 4013 1375 4066 p.
1401 3997 1521 4061 269.

319 4090 410 4155 (a)
447 4086 510 4137 In
537 4096 646 4138 not.
671 4084 743 4137 ad
773 4083 1045 4155 Exest-pta.
