2964 4690
498 381 672 454 ¹130
981 361 1540 448 JUVEN‘TINI
1593 377 2214 446 PnlLoMELA.

527 504 852 601 exemplar
893 533 930 573 a
969 509 1214 572 Iacobo
1263 509 1528 590 Cujacio
1566 509 1674 572 JC.
1721 508 2061 588 collatum,
2104 507 2286 596 quod
2322 530 2399 572 ex
2434 509 2676 575 biblio-

527 619 714 684 theca
759 615 1021 680 Antonii
1063 614 1354 680 Verderii
1378 665 1394 692 ,
1428 613 1683 678 Nobilis
1714 611 2167 702 Lugdunensis
2189 662 2206 694 ,
2242 630 2469 678 nactus
2500 639 2671 680 sum.

527 723 878 787 Hominem
929 721 996 784 in
1057 719 1511 810 Longobardia'
1565 735 1832 801 natum,
1878 741 1957 781 an
2016 735 2381 802 versatum,
2429 720 2676 786 indicat

521 849 744 892 versus
782 827 930 890 ille:

801 975 966 1027 Dulce
987 975 1162 1044 palara
1185 985 1364 1039 sonat,
1402 993 1567 1046 quam
1586 973 1774 1026 dicunt
1800 972 2019 1026 nomine
2044 971 2299 1026 drostam.

519 1129 690 1194 Nam
721 1127 954 1191 drostoe
981 1146 1109 1187 vox
1130 1173 1147 1205 ,
1180 1124 1233 1186 si
1263 1146 1396 1186 non
1436 1123 1520 1188 ab
1555 1123 1815 1187 Herulis
1839 1138 1905 1197 et
1930 1121 2161 1187 Gothis
2182 1170 2199 1203 ,
2228 1137 2401 1186 certe
2425 1145 2461 1185 a
2492 1122 2671 1187 Lon-

521 1231 822 1322 gobardis
872 1229 998 1293 fuit
1042 1228 1288 1294 ltaliam
1329 1229 1523 1295 illata.
1568 1229 1686 1293 Est
1720 1243 1936 1292 autem
1970 1251 2042 1292 ea
2083 1228 2254 1310 aviS,
2298 1251 2441 1316 quae
2474 1229 2667 1292 nobis

517 1338 844 1426 hodieque
892 1335 1202 1400 Drostel...
1248 1335 1454 1399 Porro
1493 1335 1672 1399 hunc
1712 1335 2095 1423 scriptorem
2129 1335 2330 1398 fuisse
2356 1335 2669 1400 Christia-

517 1469 675 1509 num
696 1495 713 1526 ,
745 1443 895 1506 satis
928 1441 1139 1530 arguit
1170 1462 1395 1505 versus
1423 1441 1530 1505 ille
1561 1441 2001 1530 penultimus:

799 1595 1004 1648 Cuncta
1029 1612 1127 1647 suo
1153 1592 1384 1647 Domino
1410 1593 1736 1665 depromunt
1765 1611 1987 1646 munera
2018 1592 2257 1646 laudum.

513 1755 682 1820 Nam
730 1767 964 1816 cuncta
1007 1751 1302 1815 animalia
1326 1797 1344 1832 ,
1385 1751 1879 1839 pennipotentia
1914 1751 2230 1832 maxime,
2268 1753 2407 1816 Deo
2432 1752 2661 1819 laudes

515 1859 768 1940 dicere,
805 1857 870 1920 in
916 1857 1182 1921 Psalmis
1229 1854 1548 1920 docemur
1570 1887 1615 1922 w.
1660 1856 1971 1920 Eamdem
2008 1857 2393 1921 sententiam
2430 1858 2513 1922 de
2546 1883 2665 1924 au-

515 1983 695 2032 ctore
736 1962 1080 2053 profitetur
1111 1960 1440 2026 Schottus.
1477 1960 1657 2026 Nihil
1698 1977 1913 2026 tamen
1955 1962 2111 2026 certi
2144 1984 2221 2028 ex
2249 1986 2329 2027 eo
2360 1964 2505 2030 loco
2538 1965 2663 2030 de-

514 2066 691 2132 cerni
741 2087 934 2152 posse
975 2063 1056 2128 de
1105 2062 1416 2151 religione
1466 2062 1784 2144 auctoris,
1840 2064 2251 2128 Burmannus
2305 2082 2525 2130 censet
2568 2067 2657 2130 ad

509 2195 770 2240 versum
809 2170 1056 2260 penult.
1088 2169 1242 2257 quia
1265 2191 1378 2232 suo
1404 2167 1661 2232 domino
1690 2171 1916 2234 referri
1953 2171 2159 2258 possit
2188 2168 2270 2233 ad
2304 2170 2656 2238 dominum

510 2302 624 2342 seu
657 2298 1092 2367 possessorem
1129 2274 1595 2359 animantium,
1626 2291 1704 2339 ut
1736 2297 1931 2365 supra
1961 2276 2045 2340 de
2072 2276 2382 2366 psittaco:

791 2434 962 2503 Atque
985 2450 1084 2486 suo
1111 2430 1328 2485 domino
1356 2433 1498 2503 χαῖρι
1520 2443 1674 2485 sonat
1696 2433 1777 2485 vel
1795 2432 1919 2486 ave!

505 2601 632 2666 Sed
665 2622 882 2687 neque
921 2620 1150 2663 omnes
1182 2599 1284 2663 vel
1324 2622 1472 2665 aves
1494 2647 1511 2682 ,
1556 2602 1657 2665 vel
1702 2602 1850 2665 ferae
1888 2616 1954 2665 et
1996 2600 2449 2692 quadrupedes
2490 2624 2655 2669 suos

505 2706 809 2772 dominos
866 2704 968 2770 vel
1021 2726 1422 2795 possessores
1472 2705 1719 2771 habent
1741 2756 1761 2789 ,
1820 2728 2038 2795 neque
2090 2706 2367 2796 scriptor
2412 2708 2653 2796 aliquis

501 2815 814 2903 profanus
857 2811 988 2877 hoe
1030 2833 1346 2900 umquam
1397 2810 1597 2892 dixit,
1642 2811 1913 2876 vocibus
1965 2812 2099 2876 suis
2144 2813 2439 2877 animalia
2485 2838 2653 2879 suos

502 2918 806 2983 dominos
857 2916 1138 2983 laudare.
1191 2918 1324 3001 Qui
1372 2915 1482 2981 hic
1530 2917 1771 2982 dicitur
1806 2930 2176 2981 cunctorum
2212 2919 2649 2985 animantium

497 3026 786 3090 donabus
805 3072 825 3105 ,
860 3047 1090 3089 eorum
1125 3041 1376 3089 creator
1413 3042 1513 3089 est
1534 3071 1552 3106 ,
1590 3025 1702 3112 qui
1736 3026 1889 3113 quia
1925 3046 2119 3090 voces
2153 3048 2303 3090 suas
2332 3026 2651 3093 omnibus

499 3133 680 3199 dedit
700 3181 719 3216 ,
758 3132 914 3196 hinc
946 3154 982 3195 e
1015 3131 1295 3195 formula
1329 3153 1653 3196 sacrarum
1687 3132 2021 3196 literarum
2063 3132 2122 3198 ei
2162 3131 2383 3197 omnia
2416 3132 2655 3199 dicun-

497 3256 605 3304 tur
641 3260 914 3303 munera
949 3236 1159 3302 laudis
1200 3236 1587 3327 depromere
1609 3286 1628 3320 ,
1664 3240 1789 3303 sive
1819 3238 2047 3303 sileant
2078 3238 2195 3303 illa
2212 3288 2231 3321 ,
2262 3240 2385 3307 sive
2412 3262 2653 3305 sonare

494 3360 750 3437 queant.
789 3344 1019 3433 Neque
1049 3344 1325 3409 omnino
1355 3361 1691 3409 auctorem
1718 3345 1917 3426 hujus
1950 3344 2253 3411 carminis
2276 3368 2313 3409 e
2336 3346 2655 3411 vetustio-

493 3453 677 3517 ribus
714 3472 851 3514 esse
880 3452 1198 3515 existimo,
1238 3450 1502 3538 Quippe
1528 3449 1713 3538 copia
1748 3450 1849 3514 illa
1896 3467 1963 3515 et
1997 3451 2160 3515 mira
2189 3453 2457 3516 varietas
2485 3474 2649 3516 ver-

491 3560 728 3623 borum
754 3604 772 3638 ,
827 3577 972 3644 quae
1005 3580 1197 3622 voces
1230 3556 1611 3619 animalium
1644 3556 2056 3643 exprimunt,
2106 3580 2393 3643 quorum
2427 3581 2649 3645 pauca

488 3667 710 3754 lingua
751 3662 1020 3750 antiqua
1053 3664 1346 3727 Romana
1371 3660 1605 3727 habuit
1622 3710 1641 3744 ,
1674 3662 1803 3726 hoc
1833 3684 2093 3726 carmen
2133 3661 2325 3728 docet
2348 3685 2421 3728 ea
2446 3680 2649 3731 oetate

491 3771 806 3860 scriptum
849 3792 1026 3851 esse,
1066 3792 1194 3856 qua
1234 3769 1456 3858 lingua
1506 3788 1581 3831 ea
1625 3767 1895 3831 incursu
1937 3768 2425 3857 peregrinarum
2466 3792 2646 3859 gen-

487 3881 650 3944 tium
679 3922 698 3959 ,
753 3892 820 3941 et
870 3875 1224 3940 alienarum
1275 3874 1710 3962 permixtione
1743 3896 2018 3955 vocum,
2067 3873 2452 3963 amplificata
2490 3898 2643 3943 non

487 3986 734 4065 minus,
759 4004 954 4072 quam
979 3988 1286 4068 corrupta
1311 3996 1468 4044 erat.
1501 3980 1919 4068 Quamquam
1944 3995 2009 4043 et
2029 3995 2275 4044 veteres
2296 3981 2647 4049 Romanos

481 4090 752 4156 vocibus
793 4087 1169 4163 animalium
1215 4084 1659 4151 discernendis
1692 4103 1758 4151 et
1788 4086 1989 4151 verbo
2017 4086 2454 4176 exprimendis
2492 4104 2647 4153 stu-
