2964 4690
1197 376 1588 444 MEDEA.

2303 375 2442 471 493

430 503 498 572 Si
535 524 840 570 concessa
878 487 1069 592 pete,
1104 498 1158 566 si
1194 521 1419 590 poenas
1454 521 1570 565 ore
1606 518 1912 590 reposco,

432 611 707 682 Nullum
747 610 813 677 in
854 603 1029 676 caede
1062 606 1248 676 nefas
1271 660 1292 688 ‚
1324 621 1389 674 et
1422 631 1607 676 amor
1643 602 1780 674 no'n
1810 604 1968 674 talia
2003 621 2211 676 curat.

2373 633 2448 683 395

862 754 1067 800 FILII
1116 753 1410 799 UMBRA
1460 752 1916 799 ABSYRTHI.

432 856 655 924 Hostis
689 879 910 924 amare
931 907 951 942 ,
990 851 1152 946 quid
1192 853 1544 945 increpitas
1575 876 1718 919 mea
1752 851 1962 921 tristia
1996 851 2176 920 fata?

1236 1011 1545 1056 MBDEA.

429 1116 720 1207 Suggere
760 1110 891 1180 tela
936 1111 1141 1194 mihi,
1180 1109 1515 1202 finemque
1555 1109 1820 1202 impone
1857 1108 2106 1179 labori:

429 1221 767 1315 Sanguine
799 1219 1141 1314 quaerendi
1179 1215 1463 1289 reditus!

885 1369 1093 1418 FILII
1141 1370 1430 1416 UMBRA
1480 1369 1899 1416 AnsYR'rHI.

429 1463 568 1532 Nec
600 1476 666 1529 te
696 1475 920 1528 noster
954 1485 1171 1546 amor,
1206 1461 1415 1553 pietas
1442 1483 1568 1528 nec
1597 1460 1856 1554 mitigat
1891 1458 2062 1547 ulla,

427 1575 565 1643 Nec
600 1571 781 1638 venit
819 1572 889 1638 in
923 1584 1212 1637 mentem
1250 1583 1563 1636 natorum
1606 1569 1926 1661 sanguine
1965 1583 2244 1638 matrem
2377 1603 2448 1644 400

430 1679 939 1750 Commaculare
973 1703 1208 1748 manus
1229 1731 1248 1764 ‚
1280 1680 1492 1747 nostri
1529 1678 1648 1747 tibi
1684 1703 1842 1747 cura
1876 1679 2174 1766 recessit,

428 1794 511 1860 Et
544 1791 743 1860 matri
782 1804 1155 1885 praeruptus
1191 1813 1395 1858 amor.

1230 1940 1544 1985 MRDEA.

426 2034 701 2103 Crimen
738 2057 927 2101 amor
961 2047 1291 2118 vestrum,
1327 2046 1691 2127 spretaeque
1735 2032 1974 2124 injuria
2011 2029 2240 2104 formae'

328 2199 490 2252 habet
523 2198 756 2251 Macrob.
792 2198 1003 2251 Saturn.
1023 2198 1097 2263 V,
1132 2215 1249 2269 cap.
1277 2215 1341 2266 9,

328 2279 425 2330 ubi
446 2278 591 2330 hunc
612 2277 789 2330 locum
811 2277 983 2330 adfert
1008 2296 1021 2330 :
1060 2288 1137 2330 est
1166 2288 1343 2330 autem

331 2358 554 2411 formula
591 2357 801 2427 elegans
836 2357 1003 2423 illius,
1028 2358 1121 2428 qui
1145 2356 1246 2409 sibi
1276 2355 1345 2410 ad

328 2456 441 2490 rem
484 2435 723 2489 illicitam
763 2436 846 2489 vel
891 2436 1217 2489 temerariam
1258 2454 1345 2505 pa·

328 2514 574 2569 nandum
613 2515 797 2579 instat,
832 2527 885 2568 et
910 2516 1088 2567 animo
1110 2514 1345 2567 stimulos

328 2594 491 2649 addit.
540 2592 795 2666 Adposite
837 2594 1162 2665 Tarquinius
1180 2630 1195 2656 ‚
1240 2592 1348 2644 Lu-

328 2674 506 2729 emin
530 2673 639 2727 vim
676 2673 872 2727 inferre
906 2673 1139 2744 cogitans
1156 2710 1173 2735 ,
1203 2668 1349 2743 apud

328 2752 486 2809 Ovid-
513 2752 655 2806 Fast.
680 2752 759 2817 11,
784 2752 883 2822 781
908 2768 923 2803 :
950 2752 1166 2806 «Exitus
1184 2750 1237 2803 in
1256 2748 1353 2803 du·

328 2834 423 2887 bio
464 2842 541 2884 est
559 2870 575 2895 ,
612 2830 919 2885 audebimus
947 2831 1165 2893 ultima,
1200 2828 1346 2882 dixit.

1430 2201 1536 2268 agit
1551 2218 1681 2259 rem,
1711 2209 1772 2250 ut
1799 2195 1972 2250 adfert
1995 2196 2143 2251 Statii
2168 2199 2444 2255 Scholiast.

1432 2288 1484 2328 et
1523 2278 1711 2349 probat
1745 2277 1974 2340 Pieria-3
2000 2276 2124 2330 vide
2159 2277 2338 2333 Heius.
2378 2281 2446 2334 ad

1432 2353 1705 2410 Claudiam.
1727 2358 1882 2427 Rapt.
1908 2357 2056 2409 Pros.
2077 2357 2132 2420 1,
2154 2376 2274 2426 ²¹9·

1505 2437 1624 2505 394.
1657 2438 1709 2485 Si
1744 2455 1980 2488 concessa
2012 2450 2155 2505 peto,
2196 2442 2242 2489 si
2270 2458 2446 2507 ρωπος

1430 2532 1516 2567 ore
1537 2534 1765 2581 reposco,
1794 2533 1860 2567 ex
1881 2514 1973 2567 lib.
1993 2515 2066 2578 V,
2091 2517 2195 2585 798
2218 2554 2234 2581 ,
2274 2530 2326 2569 et
2349 2516 2442 2569 lib.

1432 2594 1528 2659 VI,
1551 2592 1672 2645 530.
1701 2592 2108 2663 corruptissime
2143 2594 2198 2647 in
2237 2593 2446 2650 schedis

1435 2673 1594 2727 Snlm.
1622 2684 1731 2724 erat
1754 2712 1770 2736 ,
1802 2674 1856 2722 Si
1885 2691 2120 2723 concessa
2151 2690 2268 2741 peto
2295 2694 2446 2741 poena

1438 2772 1550 2804 som
1591 2770 1790 2819 reposco
1805 2774 1825 2812 ‚-
1877 2750 1932 2808 in
1981 2750 2162 2805 codice
2202 2752 2447 2806 Leidensi

1433 2834 1489 2883 Se·
1524 2850 1755 2882 concesso
1797 2845 1916 2901 peto
1948 2834 1996 2881 .ςί
2025 2850 2204 2898 poenas
2247 2852 2332 2883 om
2367 2852 2446 2884 re·

330 2910 579 2965 Viderit:
624 2911 873 2965 audentes
905 2910 948 2962 F
950 2928 1105 2962 orsne
1140 2910 1347 2961 Deusne
1424 2930 1602 2980 posco.
1638 2909 1887 2983 Sequenti
1931 2929 2090 2964 versu
2121 2911 2322 2965 inserui
2362 2931 2448 2965 co-

328 2995 493 3065 juvet.
554 2989 805 3061 Cepimus
853 2988 1099 3042 audendo
1148 2988 1348 3041 Gabios

331 3087 546 3141 quoque
564 3094 612 3120 υ.
647 3067 948 3132 hinnulis,
998 3068 1101 3121 Sat.
1131 3067 1191 3129 1,
1232 3065 1298 3137 73
1331 3083 1346 3117 :

334 3174 361 3194 α
381 3147 533 3201 Ande
571 3146 767 3219 aliquid
803 3146 1051 3199 brevibus
1080 3144 1265 3217 Gyaris
1299 3158 1351 3199 et

333 3246 545 3281 carcere
560 3226 863 3297 dignum,Si
877 3225 955 3277 vis
973 3243 1085 3278 esse
1097 3223 1295 3295 aliquid
1306 3248 1349 3276 -.

334 3310 419 3360 Ita
460 3310 709 3358 concitare
744 3308 819 3356 ad
848 3309 1129 3356 audendum
1163 3304 1356 3371 aliquid

335 3385 481 3457 apud
502 3384 719 3438 Sueten.
744 3384 871 3437 Cas.
893 3385 944 3436 8.
968 3383 1161 3435 sustin.
1185 3381 1350 3446 lib.V,

334 3484 369 3533 9
390 3504 407 3531 ,
433 3468 499 3518 6:
526 3491 551 3511 ιι
568 3462 868 3517 audendum
902 3462 1107 3533 aliquid
1141 3480 1238 3533 pro
1264 3478 1356 3531 pa·

335 3544 439 3599 tria
461 3555 607 3597 ratus
620 3570 667 3596 u.
692 3540 949 3598 Eamdem
968 3540 1167 3595 Grecis
1188 3540 1354 3594 notio-

334 3640 459 3676 nem
486 3640 599 3675 esse
627 3621 775 3675 verbi
807 3624 989 3694 τολμᾷν
1013 3620 1173 3674 docet
1196 3620 1356 3674 Scho-

336 3701 478 3755 liast.
496 3699 747 3772 Thucyd.
774 3699 863 3751 lib.
882 3699 996 3765 111,
1030 3716 1144 3769 cap.
1167 3697 1232 3751 56
1250 3736 1268 3763 ,
1304 3709 1353 3750 et

337 3782 538 3834 Victor.
572 3780 700 3831 Var.
745 3780 889 3832 Lect.
936 3778 1024 3833 lib.
1068 3779 1273 3843 xxxl,
1303 3796 1353 3846 9.

337 3862 400 3913 In
438 3859 545 3912 fine
586 3876 767 3912 versus
807 3858 1056 3912 mendose
1096 3859 1257 3911 etiam
1300 3856 1356 3910 in

338 3940 459 3995 cod.
478 3939 719 3994 Leidens.
749 3939 1076 3994 scribebatur
1101 3958 1232 3990 necne
1251 3941 1359 4006 ipsa

339 4039 468 4071 voca
516 4034 625 4071 tres.
660 4018 843 4072 Simile
882 4018 990 4070 fere
1032 4017 1165 4071 illud
1196 4017 1290 4070 lib.
1315 4018 1360 4067 V

340 4100 457 4151 AEn.
486 4098 591 4153 638
616 4114 629 4148 :
655 4100 767 4165 jam
793 4113 974 4167 tempus
1004 4100 1091 4165 agi
1114 4116 1189 4149 res
1207 4136 1222 4157 ,
1254 4114 1360 4148 non

1434 2992 1646 3063 pulum,
1686 3008 1805 3061 quo
1843 2990 1900 3042 in
1936 2988 2144 3043 schedis
2176 2990 2450 3043 omitteba-

1436 3084 1546 3134 tur,
1569 3087 1618 3122 et
1641 3090 1784 3121 amor
1807 3091 1906 3123 non
1934 3074 2062 3122 talia
2087 3085 2255 3131 curat,
2283 3082 2362 3122 est
2389 3088 2450 3123 ex

1436 3151 1547 3203 Ecl.
1565 3150 1648 3215 X,
1688 3151 1769 3203 28.
1799 3150 2034 3203 Primum
2063 3149 2452 3203 hemistichium

1439 3242 1517 3282 est
1539 3247 1603 3281 ex
1628 3232 1750 3282 AEn.
1770 3229 1862 3282 lib.
1881 3228 1961 3294 X,
1982 3246 2106 3297 901,
2130 3228 2222 3279 ubi
2247 3241 2298 3281 et
2328 3246 2455 3301 pre·

1440 3306 1580 3359 cedit
1604 3306 1737 3359 illud
1774 3327 1803 3360 e
1839 3306 2080 3378 sequenti
2107 3325 2262 3359 versu
2291 3312 2454 3359 Hostis

1440 3404 1612 3437 ornare
1625 3426 1641 3452 ‚
1661 3389 1784 3453 quid
1805 3388 2066 3454 increpitas
2077 3394 2105 3436 ‚³
2137 3384 2342 3439 Ibidem
2373 3390 2456 3439 tri-

1441 3467 1572 3515 stitia
1583 3466 1702 3531 fato
1727 3465 1815 3517 hic
1836 3464 2028 3517 iterum
2047 3464 2234 3517 vitiose
2253 3464 2309 3516 in
2331 3463 2451 3518 cod.

1440 3542 1592 3596 Leid.
1611 3555 1671 3595 ut
1696 3561 1853 3614 supra
1881 3562 1956 3595 vs.
1986 3544 2104 3613 276.

1516 3629 1633 3686 402.
1687 3628 1753 3672 Ee
1803 3626 1950 3673 matr-i
1983 3636 2254 3690 proempms
2300 3644 2454 3675 amor.

1440 3700 1843 3774 Adstipulantur
1863 3702 1951 3756 hic
1969 3699 2175 3755 scheda
2193 3700 2459 3755 codicibus

1442 3780 1697 3853 antiquis,
1723 3780 1780 3831 in
1801 3780 1990 3851 quibus
2010 3780 2083 3834 sic
2105 3779 2292 3851 legitur
2317 3780 2457 3851 apud

1441 3860 1723 3931 Virg.AEn.
1735 3859 1837 3922 lv,
1857 3858 2076 3923 516,ubi
2091 3858 2231 3911 idem
2248 3877 2458 3930 quoque

1444 3939 1502 3991 in
1545 3936 1730 3991 codice
1768 3936 2246 4010 Papenbroukiano
2263 3973 2280 3998 ,
2311 3939 2460 4006 cujus

1449 4016 1590 4089 apud
1631 4035 1718 4069 me
1755 4029 2002 4088 excerpta
2043 4015 2317 4067 habentur.
2359 4014 2460 4067 Sed

1442 4110 1711 4166 proereptus
1735 4096 1792 4147 in
1823 4095 2112 4150 Francinno
2145 4091 2236 4144 MS
2269 4092 2466 4145 invenit
