2964 4690
1168 361 1589 431 ELEGIAE.
2300 362 2427 433 231

423 481 601 553 Heu!
640 481 805 577 quid
839 481 1040 576 longa
1073 480 1211 552 dies-
1243 508 1423 554 nunc
1451 483 1711 554 adfert?
1740 499 1814 553 ut
1840 485 1963 552 sibi
1996 484 2345 579 quisquam

516 591 878 680 Quondam
914 590 1227 666 dilectum
1271 595 1554 688 prodere
1587 609 1783 688 turpe
1818 592 2047 688 putet?

423 708 660 775 Nonne
697 702 822 771 fuit
852 701 1090 772 melius
1125 703 1240 774 tali
1273 729 1382 774 me
1407 719 1709 800 tempore
1740 706 1925 801 fimgi
1945 761 1965 793 ,

517 815 678 902 Quo
723 811 892 882 nulli
928 815 1168 884 merito
1207 814 1668 910 despiciendus
1708 839 1920 904 eram3

426 923 684 1011 Quam,
725 936 1076 1016 postquam
1113 925 1308 1018 periit
1339 925 1666 1021 quidquid
1701 925 1829 996 fuit
1868 942 2023 996 ante
2050 926 2337 1015 decoris»,

520 1033 936 1102 Exstinctum
973 1035 1226 1103 meritis
1266 1037 1489 1106 vivere
1522 1037 1953 1107 criminibus?

428 1145 572 1212 Jam
603 1140 772 1212 nihil
809 1157 910 1213 est
945 1159 1162 1214 totum
1195 1147 1378 1240 quod
1410 1147 1703 1218 viximus
1730 1173 1745 1216 ε
1784 1148 2007 1217 omnia
2038 1171 2257 1216 seeum

523 1257 814 1348 Tempus
847 1255 1227 1347 praeteriens
1249 1309 1268 1342 ‚
1298 1255 1597 1351 horaque
1629 1281 1885 1328 summa
1919 1257 2147 1326 trahit.

335 1389 344 1396 ’
431 1367 646 1458 Atque
676 1389 796 1451 ea,
827 1363 986 1434 dum
1024 1365 1200 1433 nivei
1237 1365 1651 1446 circumdant
1693 1381 1989 1462 tempora
2025 1367 2209 1451 cani,
2409 1387 2459 1426 2⁵

523 1478 608 1544 Et
637 1475 770 1568 jam
799 1474 1114 1544 caeruleus
1157 1474 1368 1546 inficit
1405 1501 1521 1546 ora
1562 1477 1767 1563 color,

323 1698 568 1761 videtur,
587 1697 731 1770 quod
746 1699 1018 1768 rbpmdere
1029 1700 1164 1753 falso
1184 1699 1344 1753 inter-

1506 1703 1586 1754 25.
1616 1709 1771 1770 Aeque
1790 1705 2013 1770 equidem
2038 1703 2165 1752 nivei
2184 1701 2249 1752 V.
2272 1703 2366 1754 Gr.
2382 1701 2451 1753 G.

323 1779 738 1852 protabatnr.—-—
755 1783 892 1830 Heu!
914 1783 1037 1846 quid
1049 1784 1205 1848 longa
1223 1784 1344 1832 dies.
1433 1787 1599 1848 Atque
1632 1785 1805 1832 eadem
1832 1781 1893 1832 R.
1920 1785 1983 1830 Ee
2008 1784 2225 1847 quamvis
2258 1779 2318 1831 P.
2345 1781 2447 1831 Re-

323 1859 456 1911 Heu
479 1857 492 1908 Ι
517 1855 772 1928 quidnam
798 1856 958 1921 illud,
983 1869 1036 1910 et
1063 1875 1220 1929 quam
1245 1859 1344 1910 mi-

321 1955 458 1990 rum
481 1949 590 2002 est,
621 1935 767 2007 quod
806 1935 960 2006 longa
997 1949 1121 1989 ωηο
1149 1935 1352 1996 adfert,

323 2029 390 2071 ut
415 2016 704 2087 quisquam
743 2015 906 2067 alium
932 2015 1060 2066 olim
1096 2015 1198 2067 sibi
1225 2033 1350 2086 pro-

321 2098 524 2150 hatum
559 2105 718 2168 atque
743 2093 1026 2154 dilectum,
1062 2095 1172 2164 jam
1199 2105 1354 2162 turpe

321 2186 518 2248 putet,
544 2171 598 2225 id
643 2172 886 2225 confiteri
907 2191 924 2226 t
959 2172 1174 2242 prodere
1209 2171 1352 2224 enim

323 2257 440 2308 hoc
479 2254 596 2307 loco
625 2263 702 2305 est
728 2252 901 2305 fateri.
932 2251 976 2302 E
1000 2262 1212 2321 recepta
1237 2249 1355 2319 qui-

323 2333 462 2388 dem
499 2331 808 2386 melioribus
850 2329 1114 2384 scribendi
1155 2330 1360 2383 ratione

325 2410 626 2467 dicendum
649 2422 760 2464 erat
783 2414 920 2479 quod
936 2414 1026 2462 sibe*
1046 2412 1358 2479 quisquam...

327 2510 480 2563 turpe
503 2504 664 2560 putat,
687 2490 850 2562 idque
876 2491 1049 2563 ipsum
1081 2500 1356 2562 propterea

325 2572 574 2645 posuisse
605 2570 817 2623 videtur
859 2569 976 2623 cod.
1013 2572 1078 2622 R.
1105 2568 1198 2621 sed
1233 2570 1287 2621 τὸ
1308 2582 1364 2619 ut

325 2672 438 2727 pro
463 2655 598 2719 qnod
615 2668 750 2721 sepe
779 2650 1019 2721 usurpari
1047 2668 1078 2703 a
1107 2648 1363 2719 sequioris

329 2732 439 2786 evi
487 2730 864 2801 scriptoribus,
913 2729 1098 2780 monui
1147 2728 1366 2781 Excurs-

327 2813 400 2867 ad
433 2811 693 2881 Calpurn.
719 2810 802 2861 111
818 2851 834 2875 ,
856 2826 931 2861 vs.
957 2808 1022 2862 35
1045 2848 1062 2873 ‚
1093 2808 1251 2879 hujus
1275 2825 1365 2877 op.

327 2912 473 2951 tom.
493 2892 539 2958 1,
563 2910 614 2961 p.
635 2892 757 2955 446.
789 2890 890 2942 En.
917 2918 987 2929 -·
1012 2888 1207 2941 Similis
1235 2885 1367 2938 ovi-

327 2972 414 3025 dii
441 2970 658 3041 querela
683 2969 754 3022 de
783 2986 950 3021 uxore
980 2978 1056 3022 est
1080 2968 1244 3021 Trist.
1274 2966 1372 3033 IV,

331 3054 384 3113 3,
419 3051 490 3103 51
521 3068 536 3103 ε
568 3050 694 3103 -Me
721 3050 972 3102 miserum
991 3085 1007 3112 ,
1029 3046 1072 3101 si
1095 3063 1248 3117 turpe
1275 3064 1373 3117 pu-

330 3144 420 3184 tas
441 3128 578 3183 milii
594 3142 755 3201 nupta
770 3126 942 3181 videri
961 3129 974 3180 !
1000 3128 1088 3180 Me
1103 3128 1375 3189 miserum,

333 3214 382 3264 ai
414 3222 477 3263 te
497 3212 606 3281 jam
633 3208 802 3281 pudet
829 3226 941 3261 esse
969 3224 1139 3260 meam
1163 3230 1205 3258 ι.

411 3308 506 3343 ²0.
551 3296 658 3357 Quo
695 3292 862 3341 merito
898 3292 1086 3340 nullum
1129 3288 1370 3338 decutien-

334 3378 438 3424 dus
458 3388 597 3421 eram
625 3369 692 3423 G.
713 3369 866 3421 nullo
889 3386 1066 3419 sensu.

419 3472 452 3504 2
464 3470 512 3504 1.
532 3455 632 3502 Sed
650 3464 916 3519 postquam
935 3448 1003 3501 V.
1019 3446 1114 3499 Gr.
1139 3446 1239 3500 Sed
1256 3445 1368 3497 baec

335 3532 510 3586 lectio
535 3530 922 3583 connexionem
949 3538 1000 3579 et
1039 3524 1366 3579 consecutio-

337 3630 476 3665 nem
503 3608 881 3661 sententiarum
909 3604 1066 3660 tollit.

419 3690 511 3743 ²3·
536 3695 651 3739 Iam
672 3690 796 3739 nihil
820 3700 892 3738 est
905 3698 1053 3737 totum
1074 3687 1210 3753 quod
1231 3684 1369 3734 via-1⁰-

341 3790 477 3823 ms.
497 3766 646 3819 Nihil
665 3766 800 3819 mihi
813 3765 1053 3837 prodest,
1077 3763 1160 3816 vel
1185 3762 1239 3815 in
1263 3780 1370 3813 cas-

341 3868 470 3904 sum
493 3846 685 3901 cecidit
703 3864 862 3900 omne
871 3843 1022 3911 inud,
1035 3841 1180 3915 quod
1199 3840 1374 3895 adhuc

341 3926 586 3983 vivendo
631 3927 737 3999 egi,
785 3924 984 3985 merui,
1017 3933 1377 3995 consequutus

343 4028 492 4062 snm.
510 4039 582 4049 -
599 4010 778 4059 Omnia
790 4008 922 4074 ficit
935 4004 1006 4054 V.
1035 4002 1126 4055 Gr.
1154 4002 1244 4054 sed
1275 4002 1376 4053 hoc

348 4098 668 4159 corruptum
683 4106 744 4139 ex
761 4104 890 4139 voce
898 4102 1060 4136 secum
1071 4082 1208 4135 maie
1219 4082 1349 4135 lecta
1361 4120 1372 4131 .

1437 1859 1592 1930 liquae
1616 1859 1841 1930 vulgatae
1880 1858 2081 1910 habent
2118 1865 2183 1910 Ae
2209 1877 2320 1910 mea
2339 1861 2453 1930 jam

1441 1941 1583 1988 nivei.
1602 1938 1735 2002 Quae
1762 1937 1805 1989 si
1830 1935 1897 1989 dc
1925 1937 2115 1990 canitie
2144 1937 2455 1990 Maximiani

1440 2016 1821 2087 intelligantur,
1850 2034 2033 2084 parum
2070 2015 2247 2068 dicere
2275 2015 2455 2068 viden-

1439 2105 1531 2146 tur
1560 2113 1660 2166 pro
1686 2113 1743 2146 ea
1773 2093 2109 2146 deformitate
2126 2135 2141 2160 ,
2169 2113 2329 2166 quam
2359 2096 2457 2146 sibi

1441 2172 1699 2226 hactenus
1714 2173 1897 2224 tribuit
1910 2210 1925 2234 ,
1937 2190 2233 2244 parumque
2246 2191 2459 2244 respon-

1443 2251 1573 2305 dent
1599 2251 2022 2323 praecedentibus
2057 2249 2227 2304 dictis.
2264 2249 2329 2302 At
2366 2271 2456 2304 va·

1443 2331 1653 2385 rietates
1686 2331 1949 2391 iectionis,
1973 2329 2077 2383 hoc
2103 2330 2159 2383 in
2196 2348 2355 2385 versu
2376 2350 2458 2383 re-

1447 2410 1740 2484 periundae,
1756 2411 1906 2464 ulcus
1926 2412 2137 2464 subesse
2154 2410 2467 2481 significant,

1447 2504 1501 2545 et
1522 2491 1696 2563 potius
1720 2490 1923 2543 auctori
1942 2508 2239 2543 sermonem
2261 2509 2371 2543 esse
2398 2489 2468 2543 de

1447 2570 1735 2642 incipiente
1758 2570 1948 2623 canitie
1966 2568 2239 2641 Lycoridis
2256 2609 2270 2633 ,
2297 2582 2355 2621 ut
2384 2568 2462 2622 di—

1453 2664 1534 2703 cat
1548 2672 1561 2703 :
1576 2649 1832 2716 Quamvis
1852 2649 2017 2719 ipsius
2044 2649 2321 2719 Lycoridis
2333 2661 2466 2701 tem-

1455 2748 1585 2801 pora
1618 2730 1731 2801 jam
1767 2729 1885 2781 cani
1918 2724 2273 2793 circumdent,
2300 2730 2467 2781 Restat

1455 2821 1627 2861 tamen
1653 2806 1737 2859 illa
1762 2808 1993 2879 speciosa
2010 2846 2026 2871 ,
2047 2818 2095 2857 et
2108 2806 2209 2858 sibi
2225 2805 2347 2858 talis
2358 2824 2471 2859 ease

1456 2888 1697 2951 videtur,
1740 2898 1839 2940 etc.
1886 2886 2024 2939 Hinc
2060 2885 2201 2937 malo
2240 2884 2471 2937 scribere

1458 2986 1583 3021 cum
1618 2966 1788 3019 Palm.
1812 2970 1875 3017 Et
1895 2966 2113 3033 quamvis
2132 2964 2260 3015 nivei
2266 3002 2282 3029 ,
2300 2963 2471 3016 velex

1460 3050 1500 3100 R
1509 3086 1522 3099 .
1546 3047 1803 3117 corrigere
1814 3051 1973 3113 Aeque
1988 3064 2049 3095 ea
2061 3042 2197 3111 (scil.
2207 3043 2469 3114 Lycoris),

1462 3131 1577 3179 dum
1608 3128 1749 3177 m‘vei.
1776 3156 1845 3164 -
1874 3129 2037 3191 Atque
2061 3142 2149 3183 ea,
2180 3125 2293 3172 dum
2326 3124 2467 3173 nivei,

1461 3214 1627 3273 Atque
1661 3224 1721 3255 ea
1749 3202 2000 3277 Lycoris,
2043 3206 2157 3253 dum
2195 3202 2336 3251 canis
2380 3218 2474 3270 per

1461 3297 1694 3355 tempora
1732 3282 1925 3355 sparsis
1970 3292 2021 3333 et
2066 3284 2273 3332 caeruleo
2296 3278 2473 3330 vultus

1458 3368 1620 3416 colore
1642 3363 1789 3433 signa
1812 3360 1992 3432 prodit
2012 3358 2311 3430 incipientis
2330 3376 2473 3410 sene-

1456 3444 1612 3496 ctutis
1628 3482 1643 3505 ‚
1664 3447 1829 3493 Restat
1850 3442 2014 3493 adhue
2040 3441 2279 3507 speciosa.
2304 3438 2475 3491 Possis

1457 3524 1617 3576 etiam
1646 3522 1819 3598 legere
1854 3524 1931 3571 Ae
1974 3539 2083 3570 mea
2120 3536 2193 3571 sc.
2233 3516 2470 3589 Lycoris.

1455 3602 1657 3656 Diserte
1697 3612 1881 3652 auctor
1916 3598 2129 3666 inti-ay.
2160 3596 2225 3651 53
2258 3596 2473 3668 Lycori-
2550 3624 2553 3629 -

1457 3680 1513 3734 di
1538 3680 1782 3735 canitiem
1812 3678 2013 3730 tribuit.

1535 3764 1615 3813 26.
1646 3762 1847 3832 Gotfict't
1888 3780 1975 3810 ora
2002 3758 2067 3808 V.
2105 3756 2201 3809 Gr.
2240 3755 2331 3810 ned
2368 3754 2469 3806 hoc

1461 3841 1639 3893 minua
1667 3852 1853 3911 aptum
1871 3839 2015 3899 locu,
2051 3848 2103 3889 et
2129 3834 2473 3905 adsumptum

1465 3940 1497 3973 a
1524 3918 1747 3972 librariis
1765 3958 1781 3983 ,
1805 3931 1865 3971 ut
1901 3917 2140 3969 ultimam
2172 3916 2387 3967 brevem
2414 3912 2476 3962 iu

1465 4004 1699 4050 coeruleees
1734 4016 1797 4050 ex
1826 3995 1975 4049 metri
2016 3996 2130 4065 lege
2156 3994 2365 4059 longam
2394 3990 2471 4040 ef-

1465 4080 1713 4131 ficerent:
1736 4095 1836 4147 qua
1863 4088 2037 4128 tamen
2064 4090 2191 4126 cura
2210 4086 2319 4121 non
2349 4086 2481 4138 opus:

2895 1411 2939 1552 ,at—‘1'
