2964 4690
545 293 699 433 432⁴

1215 343 1637 412 HOSIDII
1695 342 1987 410 GETAE

603 493 607 498 ’
642 472 824 539 Voce
865 489 1108 536 vocans
1148 467 1475 550 Hecaten,
1513 478 1580 532 et
1613 487 1748 532 non
1789 459 2218 533 memorabile
2255 487 2504 532 numen

641 582 843 648 Ferro
879 573 1173 645 accincta
1208 586 1419 641 vocat.

2589 594 2664 632 ³35

638 690 799 755 Haec
833 683 1033 752 effata
1075 679 1262 751 silet:
1301 679 1516 752 oculis
1560 682 1759 750 micat
1799 682 2064 752 acribus
2107 684 2317 778 ignis:

638 805 1082 894 ExspectanS‚
1125 819 1271 889 quae
1316 797 1502 888 signa
1549 793 1798 883 ferant,
1835 797 2066 888 ignara
2107 796 2334 866 futuri.

614 967 734 1029 334.
767 970 897 1014 Voce
917 979 1111 1014 vocans
1138 965 1373 1026 Hecaten,
1396 973 1441 1010 ee
1457 979 1558 1010 non

541 1047 849 1100 memorabile
869 1059 1043 1094 autnon
1064 1045 1209 1092 Fen-o
1226 1043 1451 1092 accincta
1471 1057 1563 1090 vo·

543 1140 640 1180 eae.
679 1122 985 1178 Mendosam
1021 1117 1223 1172 codicis
1252 1117 1562 1172 Salmasiani

543 1219 597 1260 et
622 1202 895 1258 Leidensis
918 1199 1236 1271 scripturam
1252 1239 1267 1263 ‚
1298 1197 1353 1250 in
1372 1197 1563 1270 quibus

540 1283 831 1356 legebatur,
865 1293 914 1331 et
940 1297 1041 1330 non
1076 1279 1383 1330 memorabile
1418 1300 1456 1332 v
1485 1282 1561 1342 ui,

540 1365 679 1417 bene
715 1377 803 1413 me
838 1356 1128 1412 correxisse
1170 1355 1413 1408 arbitror.
1453 1357 1563 1409 Pri·

544 1459 695 1496 mum
726 1436 1129 1492 hemistichium
1152 1445 1233 1487 est
1256 1451 1325 1487 ex
1345 1434 1437 1487 lib.
1454 1436 1564 1500 vl,

549 1528 680 1590 ²473
699 1518 925 1570 alterum
947 1515 1263 1569 memorabile
1282 1533 1461 1565 numen
1478 1511 1572 1566 de-'

546 1601 601 1654 di
630 1616 693 1652 ex
721 1597 815 1650 lib.
839 1595 936 1659 IV,
962 1600 1070 1662 943
1096 1592 1192 1644 ubi
1218 1592 1271 1644 in
1296 1592 1415 1644 aliis
1443 1593 1564 1663 qui-

543 1680 665 1736 dem
708 1672 981 1728 codicibus
1016 1689 1192 1722 nomen
1223 1669 1437 1741 legitur,
1473 1669 1568 1723 sed

548 1775 727 1810 numen
749 1751 1092 1826 praetulerunt
1114 1747 1212 1800 viri
1243 1746 1415 1802 docti:
1454 1767 1567 1802 non

548 1836 692 1888 enim
726 1843 857 1904 puto
892 1828 1183 1898 respexisse
1222 1841 1459 1880 nostrum
1500 1827 1567 1880 sd

548 1918 665 1968 AEn.
684 1912 779 1964 lib.
803 1910 880 1973 11,
912 1907 1014 1960 583
1042 1923 1055 1956 ε
1088 1929 1111 1952 α
1134 1905 1345 1958 nullum
1370 1925 1569 1960 memo-

548 1992 717 2048 rabile
728 2005 924 2042 nomen
942 1983 1193 2037 Feminea
1207 1983 1261 2034 iu
1278 2002 1433 2054 poena
1446 1997 1569 2038 est..

548 2075 650 2128 Per
684 2089 861 2124 numen
902 2085 1003 2120 non
1046 2067 1387 2131 memorabile,
1424 2064 1571 2136 quod

550 2154 827 2208 invocasse
850 2144 1097 2198 Medeam
1123 2140 1210 2194 hie
1235 2155 1415 2196 narrat
1430 2145 1572 2196 Nun-

550 2233 683 2296 tius,
705 2226 879 2282 innuit
903 2234 1059 2297 poeta
1102 2220 1295 2273 inferni
1320 2226 1492 2276 Deum
1512 2223 1572 2274 il.

553 2305 951 2383 lacrymabilem
987 2301 1243 2366 Plutona,
1279 2318 1436 2372 quem
1472 2319 1571 2353 no·
1611 2309 1622 2320 ·

552 2390 693 2443 mine
702 2404 809 2438 non
823 2380 1074 2454 exprimit
1094 2397 1107 2431 :
1123 2379 1301 2432 colore
1316 2380 1575 2444 dissimili,

554 2485 663 2540 qno
678 2475 823 2519 vates
838 2460 1072 2513 Tiresias
1090 2458 1273 2511 Manes
1286 2470 1335 2510 et
1350 2458 1574 2512 Plutona

555 2552 805 2599 invocans
820 2537 961 2610 apud
983 2538 1235 2592 Senecam
1264 2536 1319 2592 in
1342 2536 1576 2608 OEdipo‚

556 2647 609 2682 v.
638 2622 739 2690 559
767 2640 781 2673 ε
818 2644 843 2665 ι
862 2630 1015 2671 vocat
1038 2615 1163 2670 inde
1184 2616 1399 2683 Manes;
1420 2628 1575 2687 teque

556 2704 654 2778 qni
686 2702 871 2755 Manes
902 2697 1045 2768 regis
1066 2714 1117 2760 υς
1150 2709 1207 2750 et
1246 2697 1578 2768 Proserpinoe

560 2800 755 2837 nomen
805 2788 925 2850 post
960 2776 1183 2829 Plutona
1227 2788 1576 2829 memoratum

561 2871 702 2915 tacet
722 2861 901 2922 Anna,
926 2873 1078 2909 soror
1100 2854 1297 2915 Didus,
1322 2853 1462 2925 apud
1491 2854 1575 2909 si.

555 2941 721 3002 lium,
744 2938 837 2994 lib.
864 2934 1021 3000 VIII,
1047 2950 1183 3003 117:
1214 2958 1239 2979 ι
1258 2932 1419 3005 Nigro
1438 2934 1577 2988 forte

558 3018 708 3081 Iovi,
728 3014 817 3070 cui
836 3012 987 3067 tertis
1003 3030 1169 3083 regna
1193 3011 1435 3065 laborant
1450 3049 1465 3075 ,
1486 3014 1577 3064 At.

560 3118 666 3173 que
699 3094 801 3150 stri
835 3092 989 3147 socio
1014 3090 1232 3143 thalami
1262 3109 1399 3145 nova
1425 3109 1576 3145 sacra

559 3178 868 3251 parabam».
894 3168 961 3224 ld
985 3168 1241 3240 elegantis
1260 3187 1353 3223 sus
1370 3188 1479 3223 non
1498 3188 1577 3225 ca-

498 3298 503 3305 .
558 3268 639 3313 ret
657 3294 674 3320 ,
702 3254 827 3327 quis
840 3275 851 3287 ·
864 3268 1003 3321 sape
1034 3250 1245 3303 Veteres
1286 3251 1576 3320 ιύφημισμοῦ

561 3350 742 3390 caussa
760 3330 982 3387 numina
1002 3328 1316 3398 inauspicata
1332 3330 1576 3385 nomina.

560 3434 621 3471 re
644 3408 1094 3481 subterfugiebant
1103 3424 1122 3470 ,ς
1145 3406 1289 3461 unde
1315 3406 1576 3481 Erinnyes

564 3496 802 3565 ἀνώνυμοι
850 3491 957 3545 θεαὶ
1030 3484 1284 3541 dicuntur
1336 3486 1578 3560 Euripidi

560 3573 811 3647 Iphigen.
830 3570 885 3623 in
901 3568 1093 3623 Tamis
1107 3604 1123 3631 ‚
1140 3585 1187 3621 v.
1207 3575 1335 3637 9443
1359 3569 1451 3621 ubi
1468 3570 1577 3623 vid.

560 3653 771 3705 Barnes.
812 3659 863 3701 et
902 3648 1029 3700 hinc
1064 3646 1408 3701 Athenienses
1438 3648 1577 3701 cole-

558 3734 690 3787 bant
726 3746 811 3781 eas
837 3728 1050 3780 nomine
1076 3746 1185 3781 non
1217 3744 1463 3799 expresso
1482 3746 1576 3797 per

559 3813 674 3875 θιὰς
692 3807 901 3882 σεμνὰς,
927 3804 1098 3859 tristes
1119 3846 1135 3871 ‚
1175 3823 1412 3869 sever-su
1448 3804 1572 3860 vide

560 3886 803 3963 Sophocl-
844 3886 901 3938 in
931 3885 1073 3956 Ajsc.
1112 3886 1213 3947 844
1234 3925 1250 3951 ,
1285 3896 1337 3939 et
1371 3884 1567 3940 Electr.

559 3989 611 4024 v.
640 3985 761 4031 ¹113
797 3965 997 4019 Meurs.
1035 3962 1132 4014 lib.
1168 3963 1246 4015 1v
1277 3964 1421 4015 Lect.
1464 3965 1568 4017 Ant.

554 4066 673 4120 esp.
706 4065 758 4110 ι,
776 4056 829 4098 et
849 4040 1133 4115 spanhem.
1156 4039 1223 4094 ad
1239 4041 1445 4095 Iuliani
1462 4046 1570 4097 Ce-

1646 981 1752 1014 sar.
1785 981 1836 1032 p.
1869 961 2006 1028 3463
2033 960 2106 1014 ita
2137 963 2194 1013 in
2218 961 2335 1013 aliis
2362 959 2500 1012 male
2531 961 2666 1012 omi-

1649 1040 1783 1094 natis
1809 1061 1823 1094 ε
1859 1053 1918 1093 ut
1953 1039 2094 1112 apud
2133 1040 2348 1093 Homer.
2375 1037 2572 1112 Odyss.
2593 1047 2665 1102 Ψ,

1650 1139 1700 1172 v.
1731 1137 1816 1186 19,
1842 1121 2504 1188 κακοΐλιον,οὐκόνομαστῆν·
2525 1117 2666 1170 Hinc

1647 1197 1798 1250 iliad.
1826 1201 1901 1261 A,
1935 1200 2066 1265 340,
2114 1203 2328 1266 βασιλῆα
2355 1201 2550 1256 &trista
2581 1215 2668 1250 re·

1651 1277 1786 1330 etius
1817 1291 1987 1332 vertas
2022 1297 2122 1330 non
2156 1281 2550 1340 memorandum,
2583 1277 2666 1330 vel

1648 1360 1938 1409 illaudatum
1979 1375 2186 1429 regem,
2221 1375 2380 1428 qum
2409 1359 2634 1408 immam
2649 1391 2666 1415 ,

1651 1447 1712 1487 nt
1736 1439 2030 1488 illaudatum
2056 1439 2286 1488 Busin‘da
2311 1434 2444 1488 dixit
2468 1433 2666 1505 virgil·

1650 1512 1842 1584 Georg.
1868 1517 1970 1579 111,
1997 1515 2050 1578 5,
2069 1513 2125 1566 id
2145 1527 2220 1567 est
2233 1551 2249 1575 ‚
2269 1538 2292 1561 ι
2310 1514 2406 1585 qui
2426 1513 2664 1566 omnium

1651 1595 1911 1665 pessimus
1930 1595 2329 1665 teter-rimasque
2343 1619 2390 1658 υ,
2428 1605 2490 1646 ut
2509 1613 2668 1666 expo-

1654 1671 1729 1724 nit
1744 1672 1947 1728 Gellius
1961 1712 1977 1738 ‚
1998 1675 2087 1727 lib.
2110 1673 2187 1736 11,
2212 1691 2326 1744 cap.
2345 1677 2412 1738 63
2438 1672 2509 1726 ita
2529 1674 2666 1726 enim

1655 1768 1774 1803 cnm
1821 1753 2157 1806 Broukhusio
2199 1753 2252 1804 in
2291 1771 2380 1805 ora
2419 1751 2546 1805 libri
2586 1753 2666 1805 sui

1655 1831 2022 1904 corrigendum
2041 1871 2057 1892 ,
2104 1849 2211 1884 non
2251 1835 2637 1900 decen-imusque
2650 1854 2670 1892 ,-

1656 1919 1707 1960 et
1721 1907 1794 1961 sic
1807 1909 2144 1964 scribendum
2156 1908 2296 1981 apud
2311 1909 2548 1962 Mser-ob.
2559 1909 2667 1962 sat.

1655 1987 1748 2040 lib.
1767 1988 1870 2051 vl,
1894 2005 2009 2059 cap.
2030 2007 2081 2059 73
2101 1987 2192 2041 ubi
2207 1999 2382 2042 totum
2400 1987 2534 2042 illud
2552 1989 2668 2041 Gel-

1657 2065 1712 2118 lii
1737 2078 1896 2140 caput
1913 2069 2232 2138 compilavit.
2281 2067 2502 2140 Reliqua
2527 2073 2672 2119 Ferro

1658 2149 1882 2198 accincta
1902 2163 2056 2198 vocae
2079 2161 2203 2200 sunt
2223 2165 2284 2200 ex
2311 2149 2430 2200 AEn.
2455 2147 2552 2200 lib.
2583 2149 2668 2210 11.

1657 2227 1762 2288 614
1779 2243 1794 2278 ε
1811 2229 2082 2278 accinctam
2101 2225 2284 2280 vitiose
2301 2227 2358 2278 in
2377 2227 2498 2280 cod.
2521 2227 2670 2280 Leid.

1731 2303 1854 2359 336.
1874 2311 1994 2357 Hoec
2016 2307 2182 2375 effata
2203 2309 2508 2361 sileteoculc‘s
2527 2310 2676 2359 micae

1660 2388 1848 2437 aeribus
1870 2388 2014 2454 ignis.
2047 2386 2530 2459 obsequutns'sum
2558 2386 2671 2439 vul-

1661 2464 1792 2535 gatis
1826 2464 2034 2536 Virgilii
2063 2464 2398 2533 editionibus,
2418 2470 2540 2519 ΑΕΒ.
2583 2458 2676 2517 lib.

1659 2544 1791 2610 ΧΠ,
1826 2546 2104 2611 10231icet
2135 2547 2192 2599 in
2219 2546 2342 2599 cod.
2369 2546 2592 2601 Salmas.
2624 2558 2676 2597 et

1662 2622 1808 2677 Leid.
1836 2625 2094 2695 legeretur
2123 2650 2148 2671 α
2165 2626 2331 2678 oculis
2367 2626 2530 2697 migst
2557 2625 2676 2677 stri-

1661 2702 1763 2754 hus
1801 2704 1978 2773 ignem
1997 2724 2054 2770 »3
2091 2702 2236 2757 unde
2269 2716 2412 2776 patet
2431 2745 2446 2771 ,
2490 2704 2549 2757 in
2579 2723 2677 2757 suo

1661 2780 1890 2836 Maronis
1914 2781 2098 2836 codice
2125 2795 2334 2853 poetam
2363 2784 2512 2836 hunc
2535 2785 2678 2838 inve-

1660 2860 1800 2913 nisse
1816 2862 2021 2915 «ocnlis
2039 2863 2196 2915 micst
2213 2862 2610 2933 acribusignem
2627 2884 2675 2928 »ς

1661 2939 1806 3010 quod
1849 2940 1984 2993 forte
2021 2958 2129 2993 non
2165 2941 2373 3011 penitus
2411 2942 2681 3015 negligen-

1663 3016 1789 3071 dum
1815 3038 1832 3071 ε
1859 3022 2148 3091 praesertim
2165 3020 2292 3092 quia
2313 3021 2551 3092 sequitur
2565 3026 2674 3075 Ba·-

1663 3111 1911 3166 speetam,
1944 3111 2045 3152 etc.
2084 3112 2142 3152 ut
2179 3104 2364 3151 micare
2395 3102 2562 3170 εζςηαη
2593 3100 2678 3153 di-

1661 3188 1806 3231 ctum
1844 3177 1942 3243 sit,
1982 3179 2255 3250 quomodo
2289 3180 2491 3251 effluere
2513 3181 2676 3247 liquo·

1663 3276 1790 3317 rem,
1823 3276 2028 3310 manare
2044 3263 2190 3310 mella
2207 3295 2225 3324 ,
2253 3278 2422 3310 rorare
2431 3260 2605 3327 sams,
2627 3272 2680 3312 et

1662 3334 1718 3389 id
1763 3352 1930 3407 genus
1974 3336 2156 3407 plura,
2208 3336 2276 3391 de
2318 3337 2510 3409 quibus
2558 3337 2680 3391 vide

1669 3412 1850 3469 Heius.
1887 3414 1955 3467 ad
1991 3416 2276 3471 claudian.
2315 3418 2372 3469 in
2410 3417 2590 3470 Rufin.
2614 3419 2643 3470 1
2663 3456 2678 3479 ‚

1671 3494 1796 3556 3853
1811 3491 1972 3547 Ovid.
1985 3494 2114 3548 Met.
2131 3496 2229 3560 VI,
2242 3495 2678 3562 312,etsdP1-ud.

1666 3584 1846 3625 contra
1871 3573 2180 3645 Symmach.
2203 3576 2261 3628 11
2277 3612 2293 3638 ‚
2321 3594 2374 3627 v.
2403 3592 2456 3643 9,
2483 3587 2536 3628 et
2561 3592 2682 3648 qun

1663 3662 1847 3703 notata
1897 3666 2021 3706 sunt
2054 3652 2109 3705 in
2140 3653 2300 3705 Anth.
2341 3655 2457 3707 Lat.
2496 3654 2680 3707 Burin.

1661 3730 1760 3783 lib.
1786 3732 1843 3796 1,
1869 3731 2030 3803 epigr.
2054 3752 2146 3799 πο,
2167 3752 2288 3806 pag.
2319 3752 2398 3787 ιο.

1729 3810 1849 3879 337.
1860 3814 2188 3877 Exspectans,
2209 3832 2322 3879 quoe
2334 3815 2680 3883 signali-mnt-

1659 3890 1844 3955 ignara
1875 3889 2056 3956 futuri.
2101 3891 2182 3943 In·
2209 3888 2418 3945 schedis
2456 3892 2680 3945 Salmu.

1663 3992 1683 4013 ·
1697 3986 1818 4040 quo
1835 3968 1975 4039 signs
1993 3970 2127 4023 ferat
2141 3984 2232 4023 sut
2254 3972 2436 4041 ignara
2457 3972 2676 4036 futuri-5

1660 4044 1755 4098 sed
1779 4062 1866 4098 aest
1877 4066 1940 4100 ex
1955 4048 2154 4102 ultimis
2169 4048 2330 4103 literis
2345 4049 2676 4119 vocisfimm
