2964 4690
490 425 631 497 528
1258 422 1850 493 EXCURSUS.

490 556 687 620 clinio
718 577 836 620 seu
873 549 1152 618 stibadio
1184 551 1668 638 suspendebant
1702 577 1718 616 z
1754 567 1831 616 ut
1855 573 1936 616 eo
1964 567 2308 618 uterentur
2335 553 2420 618 ad
2453 575 2618 619 eam-

486 661 638 726 dem
686 682 825 724 rem
845 707 864 741 ,
900 656 985 724 ad
1026 679 1221 746 quam
1268 673 1335 720 et
1380 659 1551 722 larva
1589 657 1732 739 illa3
1763 657 1893 722 hoc
1941 675 2071 739 est,
2101 658 2184 722 ad
2219 659 2616 725 hortandum

485 767 571 833 ad
623 766 1003 832 bibendum.
1060 762 1263 846 Quod
1292 765 1596 829 novimus
1632 786 1712 829 ex
1758 766 2234 854 Epigrammate
2267 767 2511 849 Graeoo,
2547 768 2617 831 in

487 896 619 962 quo
672 895 808 937 non
864 871 1079 936 solum
1133 885 1327 958 eaput
1378 872 1620 934 mortui
1636 919 1656 954 ,
1713 894 1830 936 seu
1873 872 2201 954 cranium',
2245 872 2417 937 idem
2467 875 2621 937 facit

492 977 675 1067 quod
740 975 919 1065 apud
980 975 1363 1039 Petronium
1420 974 1624 1057 larva3
1691 974 1804 1040 sed
1847 992 1914 1040 et
1967 998 2040 1040 ea
2091 976 2450 1042 exhortatio
2497 1001 2618 1066 pro

492 1084 758 1150 cumulo
810 1081 1151 1161 subjicitur
1164 1129 1182 1163 ,
1248 1103 1443 1170 quam
1486 1079 1734 1146 addidit
1785 1082 2128 1146 Trimalcio
2167 1083 2238 1145 in
2283 1083 2622 1172 Epigram-

490 1207 662 1256 mate
724 1211 867 1254 suo·
932 1189 1191 1253 Horum
1242 1203 1555 1269 συμποτικῶν
1583 1197 1969 1269 ἅπιφωνημάτων
2031 1189 2208 1276 pleni
2259 1205 2416 1254 sunt
2471 1191 2622 1254 libri

492 1297 802 1360 Veterum
822 1342 842 1375 ‚
879 1294 1230 1382 praesertim
1282 1291 1586 1356 Martialis
1601 1340 1621 1374 ,
1675 1309 1743 1356 et
1771 1291 2172 1357 Graecorum.
2224 1294 2454 1382 Neque
2493 1294 2534 1357 d
2541 1317 2622 1358 u-

494 1401 681 1466 bium
724 1415 851 1481 est,
891 1399 1053 1487 quin
1097 1399 1165 1461 in
1202 1397 1562 1462 coenatione
1598 1421 1715 1462 seu
1761 1397 2036 1463 stibadio
2069 1400 2423 1464 Domitiani
2479 1403 2620 1464 Cae-

493 1506 679 1590 saris,
717 1503 897 1593 quod
954 1519 1217 1592 propter
1274 1503 1684 1592 exiguitatem
1737 1504 1876 1592 ipse
1923 1505 2172 1569 vocavit
2217 1505 2457 1568 Micam
2497 1529 2620 1571 au-

496 1635 671 1677 ream
688 1659 707 1692 ,
744 1634 783 1675 a
814 1610 998 1674 tholo
1034 1608 1345 1698 penderet
1378 1610 1669 1673 cranium
1707 1610 1984 1693 mortui,
2037 1609 2215 1698 quod
2251 1612 2476 1676 mortis
2509 1613 2624 1677 ad-

496 1732 813 1785 moneret.
864 1715 948 1780 Id
980 1715 1287 1780 Martialis
1320 1715 1579 1781 videtur
1609 1717 1772 1780 velle
1807 1718 1936 1782 hoc
1980 1718 2046 1780 in
2093 1717 2328 1781 Micam
2360 1741 2622 1783 auream

496 1824 978 1913 Epigrammate
994 1846 1013 1902 3
1032 1851 1057 1876 «
1076 1821 1243 1885 Mica
1263 1823 1496 1885 vocor:
1517 1845 1661 1910 quae
1685 1823 1826 1900 sim,
1849 1822 2058 1886 cernis
2078 1846 2093 1887 ε
2113 1823 2388 1888 coe'natio
2405 1847 2620 1912 parva.

491 1930 589 1993 Ex
626 1949 731 1992 me
761 1928 1123 1991 Caesareum
1152 1928 1419 2014 suspicis
1447 1928 1604 1994 inde
1635 1929 1915 1994 tholum.
1945 1933 2196 2018 Frange
2227 1945 2444 1996 toros:
2475 1948 2624 2021 pete

492 2035 640 2098 vina
673 2057 689 2097 ε
725 2055 901 2096 rosas
938 2055 1095 2121 cape
1126 2057 1141 2096 ε
1176 2034 1423 2123 tingere
1456 2035 1682 2100 nardo}
1717 2039 1864 2126 Ipse
1893 2037 2080 2118 jubet
2115 2037 2344 2101 mortis
2379 2054 2446 2102 te
2483 2059 2624 2102 me-

496 2141 759 2207 minisse
790 2141 969 2204 Deus
994 2171 1039 2203 n.
1089 2139 1364 2204 Videtur
1395 2143 1573 2206 enim
1603 2144 1674 2206 in
1720 2144 1904 2208 tholo
1936 2145 2080 2232 ipso
2111 2145 2282 2208 larva
2315 2144 2420 2208 illa
2438 2192 2457 2225 ,
2513 2162 2627 2209 aut

448 2313 453 2319 ,
498 2247 788 2312 cranium
820 2243 1037 2310 fuisse.
1087 2249 1282 2311 Hunc
1329 2263 1549 2312 autem
1587 2271 1836 2313 morem
1887 2249 2186 2313 homines
2226 2248 2294 2312 in
2330 2250 2624 2314 convivio

498 2354 829 2419 mentione
866 2353 1091 2417 mortis
1118 2353 1200 2417 ad
1233 2354 1620 2419 hilaritatem
1658 2356 2052 2444 provocandi
2074 2356 2156 2419 ab
2180 2356 2502 2445 AEgyptiis
2527 2380 2628 2421 ao-

498 2459 741 2549 cepisse
772 2456 1095 2523 videntur.
1130 2458 1508 2524 Herodotus
1526 2509 1545 2542 ,
1579 2461 1692 2525 lib.
1723 2462 1808 2527 11.
1854 2461 2200 2527 Scantena.

584 2570 879 2642 Στομάτιον.
904 2562 1002 2625 De
1032 2563 1283 2629 ludicro
1318 2581 1630 2649 ὀςωματίωυ,
1653 2587 1796 2652 quae
1829 2566 2103 2630 ossicula
2133 2582 2310 2649 sunt,
2347 2568 2482 2631 noli
2507 2568 2628 2633 du-

500 2676 705 2741 bitare
752 2676 915 2762 quin
965 2690 1115 2735 vere
1164 2664 1524 2731 divinarim.
1572 2669 1948 2759 Legendum
2001 2669 2178 2759 apud
2221 2672 2621 2739 Ausonium:

494 2812 522 2839 σε
536 2780 756 2847 Simile
769 2796 847 2843 ut
857 2777 1027 2843 dioes
1047 2772 1298 2839 ludicro
1314 2771 1497 2858 quod
1513 2772 1715 2838 Graeci
1735 2786 2028 2857 δςωματίων
2047 2796 2374 2841 vocavere.
2391 2809 2418 2835 ι
2444 2779 2626 2843 0335..

500 2888 597 2953 cla
626 2910 701 2951 ea
732 2902 905 2951 sunt.
932 2884 1275 2970 Perperam
1295 2875 1496 2942 hodie
1525 2880 1748 2944 oscilla
1776 2881 1868 2946 ibi
1891 2882 2083 2971 legas,
2111 2898 2178 2948 et
2193 2892 2452 2961 ςομάτιον.
2488 2884 2626 2949 Nec

498 3014 722 3058 moror
770 2992 1027 3058 Glossas
1045 3035 1065 3070 ‚
1128 3008 1272 3075 quae
1325 2998 1562 3067 ςομάτιον
1603 2986 1796 3051 etiam
1835 2988 2130 3053 scribunt
2153 3036 2172 3070 ,
2223 3010 2459 3077 nempe
2505 3012 2624 3079 pro

494 3094 791 3179 ὅςυμάτιόν.
827 3097 933 3161 Sic
964 3104 1128 3173 σχίσια
1152 3104 1392 3175 κόμματα
1426 3110 1662 3157 vocant
1693 3116 1838 3181 quae
1873 3111 2030 3157 sunt
2065 3104 2264 3172 {qiua-
2299 3109 2365 3157 εἰ
2399 3094 2623 3159 Sekia-

499 3204 671 3267 dicos
699 3218 863 3293 puto
896 3199 1159 3289 reperiri
1194 3198 1372 3286 apud
1404 3200 1805 3263 Marcianum
1851 3199 2175 3287 Capellam
2221 3220 2342 3285 pro
2383 3200 2626 3263 Isekia-

500 3310 683 3374 dc‘cis.
728 3306 891 3372 Inde
929 3305 1315 3370 Schiaticam
1339 3326 1646 3369 vocamus
1681 3304 1878 3369 hodie
1913 3304 2092 3368 hunc
2117 3304 2424 3368 morbum
2438 3352 2459 3385 ‚
2495 3306 2628 3371 sive

503 3414 795 3479 dolorem
810 3462 828 3495 ,
859 3433 982 3500 pro
1016 3414 1287 3488 ἰσχιαδικῇ.
1310 3409 1518 3480 bes-»cat
1544 3425 1642 3473 est
1671 3408 2038 3474 ossiculare.
2079 3408 2243 3473 Inde
2285 3421 2529 3493 ὄςῶματα
2561 3428 2628 3475 et

502 3519 778 3597 ὄςωμοίτια.
809 3519 962 3582 Haec
988 3516 1061 3579 in
1096 3515 1345 3580 Sebeda
1379 3517 1474 3580 Cl.
1509 3514 1868 3578 Salmasius.
1897 3516 2173 3603 Magnus
2205 3518 2382 3582 Felix
2414 3518 2630 3581 Enno-

504 3626 673 3706 dius,
691 3625 1050 3712 Episcopus
1068 3622 1423 3687 Ticinensis
1440 3668 1460 3703 ‚
1472 3621 1542 3685 in
1558 3620 2166 3709 Epigrammatibus,
2179 3625 2282 3689 Da
2301 3624 2628 3688 Smnmo

504 3732 819 3797 Enummo
846 3752 861 3793 :
906 3760 933 3785 α
947 3727 1291 3795 Sollicitata
1323 3727 1446 3791 levi
1480 3742 1884 3790 marcescunt
1917 3726 2114 3793 eorda
2145 3729 2433 3793 virorum
2461 3730 2631 3793 Tor-

420 3860 425 3871 ·
500 3850 762 3901 mento:
791 3833 886 3897 fas
906 3850 1004 3898 est
1026 3832 1660 3922 luderevirginibus.
1695 3831 2051 3919 Frangunt,
2087 3834 2479 3900 Marmaricis
2507 3833 2634 3899 ele-

508 3943 670 4033 phas
696 3938 875 4029 quod
901 3939 1077 4002 misit
1106 3938 1187 4002 ab
1220 3938 1384 4001 arvis
1402 3984 1421 4018 ‚
1452 3936 1575 4001 Per
1603 3936 1796 3999 micas
1821 3958 2114 4024 sparsum
2139 3962 2292 4003 mox
2321 3936 2632 4004 solidatur

508 4068 691 4133 opus.
745 4046 843 4108 De
900 4043 1099 4107 Poeno
1137 4058 1371 4141 tenera?
1419 4040 1678 4105 discunt
1721 4062 1869 4103 cum
1903 4041 2129 4107 fraude
2151 4042 2416 4123 jocari*
2463 4044 2630 4108 Nam

498 4149 707 4214 ridere
771 4150 947 4213 necis
998 4170 1299 4226 munere,
1342 4146 1697 4210 femineum
1747 4162 1862 4210 est.
1917 4148 2204 4235 Angusta
2251 4165 2498 4215 norunt
2527 4170 2631 4212 res
