2964 4690
497 434 627 480 vm
869 371 1405 480 PRAEFATm
1455 409 1704 480 Novi
1750 409 2248 480 EDlToms.

499 543 614 627 ris,
642 564 775 633 quo
803 541 871 607 in
909 537 1121 608 lucem
1147 539 1432 634 prodiit,
1468 541 1891 635 proximitas:
1925 541 2128 608 immo
2149 593 2168 626 ,
2202 565 2349 634 quae
2396 541 2465 610 in
2492 541 2617 612 hac

497 653 818 725 comoedia
877 653 959 722 ad
1005 635 1164 724 usus
1213 654 1612 727 recemiores
1666 653 2025 748 plurimum
2067 652 2428 744 adludunt,
2482 679 2617 725 non

393 759 397 770 ⁵
495 771 649 840 satis
685 769 1024 863 antiquam
1071 769 1394 864 originem
1437 769 1849 864 arguebant,
1916 785 1989 839 ut
2042 770 2172 839 tale
2216 794 2388 864 opus
2432 795 2613 840 com—

495 885 820 956 mentario
854 884 1302 980 dignaremur.
1343 885 1462 954 His
1502 885 1972 956 animadversis
1992 938 2012 971 ,
2052 909 2199 978 quae
2233 910 2274 954 a
2310 885 2506 955 nobis
2546 887 2617 956 in

496 999 731 1070 melius
760 1014 1010 1069 mutata
1046 1001 1178 1068 sint
1217 1015 1450 1068 notare
1486 998 2013 1096 supersedemuS,
2056 999 2386 1094 praecipue
2416 1024 2613 1094 quam

497 1111 709 1182 multa
759 1113 1089 1206 poematia
1129 1110 1497 1182 collectioni
1534 1111 2089 1181 Wernsdorfianae
2126 1097 2613 1198 addiderimus,

494 1241 850 1322 agnoscent
917 1223 1106 1295 facile
1158 1225 1314 1294 boni
1370 1225 1711 1295 literarum
1768 1241 2059 1294 veterum
2116 1227 2612 1296 existimatores.

486 1341 608 1411 His
647 1355 990 1435 syntagma
1031 1329 1408 1435 poematum
1439 1341 2032 1410 astronomicorum
2052 1391 2073 1424 ,
2094 1364 2133 1408 a
2156 1339 2613 1410 Wernsdorfio

490 1469 751 1525 tantum
795 1454 1248 1540 enuntiatum,
1283 1455 1611 1524 accuratis
1645 1453 2213 1548 disquisitionibus
2254 1453 2613 1550 complevi·

487 1595 637 1639 mus
665 1596 682 1639 ε
723 1593 846 1640 nec
881 1584 1140 1638 tantum
1173 1569 1444 1655 Avieni,
1484 1569 1828 1640 Ciceronis
1862 1583 1929 1638 et
1957 1570 2341 1640 Germanici
2370 1575 2615 1640 Aratea

485 1685 928 1754 Phaenomena
971 1697 1040 1752 et
1089 1684 1553 1777 Prognostica,
1604 1699 1669 1752 et
1714 1686 1931 1777 ipsum
1974 1684 2305 1778 integrum
2346 1681 2611 1753 Manilii

487 1799 1047 1885 Astronomicon,
1077 1796 1292 1866 multo
1333 1798 1824 1886 emendatiora,
1874 1822 2075 1892 quam
2126 1823 2419 1892 unquam
2466 1823 2611 1892 pro-

485 1911 784 1999 dierant,
817 1911 1148 1983 edidimus
1192 1939 1207 1980 :
1257 1911 1369 1982 sed
1407 1914 1476 1982 iu
1521 1912 1625 1984 his
1659 1911 1785 1981 alia
1823 1911 2089 2006 quidem
2126 1912 2269 1982 loca
2308 1913 2608 2006 priorum

484 2042 1083 2097 commentatorum
1106 2028 1571 2097 controversiis
1597 2027 1877 2098 obscura
1904 2025 2076 2096 facta
2104 2025 2609 2110 illustravimus»,

482 2138 610 2210 alia
655 2156 874 2212 autem
923 2143 1200 2212 omnino
1238 2143 1523 2226 intacta,
1563 2142 1882 2238 singulari
1924 2165 2083 2212 cura
2118 2139 2605 2211 adornavimus,

483 2255 654 2344 Quae
679 2256 734 2323 si
761 2255 930 2324 bene
960 2255 1342 2341 fecerimus,
1377 2281 1575 2352 aequo
1606 2257 1831 2325 animo
1859 2255 2066 2324 lector
2087 2253 2363 2349 judicet.

901 2576 1412 2654 NOMINA
1486 2575 2173 2657 AUCTORUM

677 2750 796 2812 Qm
837 2752 914 2799 m
956 2752 1262 2801 strumo
1303 2754 1445 2801 HOC
1477 2754 1849 2801 vonmmnt
1890 2754 2409 2803 cort‘rnmnrun.

860 2896 1070 2967 Albus
1110 2898 1390 2967 Ovidius
1423 2900 1837 2968 luventinus.

861 3014 1212 3082 Ausonius.

861 3123 1104 3194 Caelius
1146 3128 1547 3221 SymposiuS.

864 3236 1116 3309 Florus.

859 3352 1177 3422 Hosidius
1213 3358 1408 3425 Geta.

857 3464 1072 3535 Julius
1115 3470 1454 3563 Speratus.

857 3584 932 3649 L.
979 3584 1222 3654 Iunius
1263 3582 1656 3655 Moderatus
1705 3578 2096 3651 Columella.

856 3696 1302 3767 Maximianus
1346 3702 1683 3769 Etruscus.

860 3808 1104 3880 Ofilius
1143 3814 1520 3907 sergianus·

851 3922 1186 3995 Palladius
1229 3926 1524 3996 Rutilius
1560 3930 1817 3996 Taurus
1858 3923 2270 3995 AEmilianuS.

849 4037 1216 4107 Petronius,

850 4154 1214 4223 Vomanus.

853 4266 936 4330 Et
987 4266 1221 4334 incerti
1269 4266 1480 4336 multi.
