2964 4690
494 485 677 505 mm
684 482 1776 504 mmmm-mmmm
1782 482 2614 505 ”mmmmm

823 725 1359 851 CAELII
1432 726 2306 850 SYMPOSII

1018 986 2121 1139 AENl-GMATA'.

1276 1526 1848 1597 PROLOGUS.

603 1685 836 1803 HAEc
870 1756 1139 1827 quoque
1172 1733 1557 1827 Symposius
1596 1732 1680 1802 de
1715 1735 2009 1803 carmine
2050 1730 2209 1803 lusit
2247 1734 2510 1829 inepto;

600 1839 710 1911 Sic
746 1856 852 1928 tu,
883 1845 1113 1931 Sexte,
1150 1842 1382 1930 doces3
1420 1844 1515 1912 sic
1552 1857 1618 1912 te
1659 1842 1870 1914 deliro
1903 1844 2242 1940 magistro.

520 2008 526 2013 ,
600 1954 843 2020 Annua
880 1953 1153 2022 Saturni
1194 1952 1358 2020 dum
1393 1966 1696 2047 tempora
1731 1952 1900 2023 festa
1938 1952 2268 2039 redirent,

598 2062 931 2155 Perpetuo
967 2061 1164 2129 nobis
1199 2085 1459 2155 semper
1495 2060 1792 2131 solennia
1829 2062 2022 2149 lude,

601 2171 758 2239 Post
793 2169 1023 2266 epulas
1060 2168 1272 2257 laetaS‚
1314 2186 1463 2264 post
1505 2170 1747 2265 pocula
1781 2170 2003 2243 dulcia
2039 2195 2321 2257 mensae,

580 2380 604 2406 *
638 2379 721 2434 Sic
758 2381 1019 2454 inscripsit
1054 2381 1317 2447 Pithoeus,
1360 2402 1523 2456 quem

507 2477 713 2531 sequor.
739 2462 985 2528 Incipiunt
1002 2464 1273 2530 Bnigmata
1304 2465 1522 2532 Simplic-

506 2542 571 2592 sii
605 2538 786 2594 titulus
814 2551 895 2593 eet
924 2538 981 2594 in
1012 2539 1132 2594 cod.
1178 2541 1241 2593 A.
1278 2545 1525 2612 Incipiente

508 2622 771 2687 Em'gmata
800 2623 1067 2690 &anapaesti
1098 2620 1159 2674 in
1184 2621 1244 2674 C.
1276 2633 1329 2675 et
1346 2623 1412 2677 D.
1434 2627 1524 2674 In-

506 2701 689 2768 cipiunt
731 2705 1021 2770 AEm'gmaea
1078 2706 1317 2770 Symposii
1362 2718 1524 2774 poetae

506 2779 649 2833 Cast.
678 2809 751 2821 —-
788 2779 989 2834 Versus
1031 2798 1055 2833 1
1097 2792 1150 2834 et
1186 2802 1212 2834 2
1252 2782 1385 2836 liber
1424 2783 1524 2836 Pe-

506 2858 665 2912 rionii
684 2877 791 2912 non
815 2858 997 2914 habet.
1016 2860 1163 2926 Qua·
1187 2860 1241 2914 in
1263 2859 1327 2914 iis
1348 2873 1518 2914 muta-

506 2945 730 3000 tationes
786 2947 1104 3002 tentaverint
1152 2948 1343 3002 Heum.
1390 2950 1517 3004 item

507 3023 772 3078 Gesnerus
788 3039 841 3079 et
862 3025 1261 3093 Bunemannus,
1286 3028 1520 3083 indicavi

509 3103 564 3156 in
586 3103 867 3158 Prooemio.

586 3203 629 3236 1.
661 3190 752 3236 Hic
810 3203 1003 3252 quoque
1036 3187 1327 3253 Simpbose'us
1368 3187 1428 3239 C.
1450 3219 1520 3226 —

512 3267 587 3312 De
604 3267 821 3316 cannino
838 3265 953 3316 lusit
964 3267 1159 3332 inepto,
1177 3283 1394 3336 nempe,
1405 3283 1523 3337 qnae

509 3339 596 3392 hic
630 3340 755 3396 lusit
789 3343 1127 3415 symposius,
1172 3342 1241 3396 de
1268 3344 1353 3396 vel
1380 3363 1524 3396 exeo

514 3436 703 3489 genere
742 3423 1037 3475 carminum
1078 3433 1225 3484 sunt,
1266 3441 1383 3494 quae
1420 3422 1525 3476 ine-

512 3498 647 3568 ptias
670 3511 720 3551 et
742 3519 911 3572 nugas
940 3514 1184 3554 tractant.
1212 3501 1351 3554 Alias
1371 3521 1427 3554 se
1450 3521 1525 3556 ee·

512 3579 715 3631 veriora
740 3581 1001 3652 scripsisse
1029 3583 1219 3635 innuit.
1250 3583 1433 3653 Itaque
1460 3587 1524 3636 de

474 3693 485 3700 -
510 3655 604 3709 hie
620 3658 1011 3714 abundarenon
1025 3661 1275 3722 dixerim,
1290 3671 1347 3713 ut
1367 3661 1523 3714 inter-

514 3737 886 3808 pretesdicunt
920 3757 1051 3792 vers.
1074 3760 1105 3808 9
1133 3751 1185 3794 et
1214 3741 1295 3801 15,
1327 3753 1379 3793 et
1398 3740 1524 3794 alibi

510 3817 566 3867 in
609 3817 987 3888 enigmatibus,
1019 3819 1151 3872 fieri.
1183 3819 1345 3872 Ovid.
1390 3821 1521 3873 Her.

512 3895 669 3960 xlv,
684 3899 816 3950 115.
838 3899 945 3949 -De
962 3898 1184 3951 fratrum
1196 3899 1526 3971 populopars

498 3973 846 4066 exiguissima
863 3989 1067 4029 restas·
1074 3990 1165 4039 ,et
1186 3978 1518 4041 xvu‚105:

512 4053 753 4123 optimus
778 4053 845 4106 de
868 4055 1011 4108 mille
1028 4057 1264 4110 fuisses·

586 4133 973 4204 2Cormptc‘
960 4153 1011 4184 m
1052 4134 1170 4186 cod
1208 4135 1437 4187 Οειεωὶί(
1426 4137 1521 4186 nis

2607 2198 2632 2239 5

1607 2389 1861 2460 scriptum
1884 2387 1988 2441 fuit
2013 2391 2093 2439 Sic
2131 2402 2183 2438 tu
2203 2405 2256 2439 es
2281 2405 2351 2438 ea·
2377 2401 2426 2438 ee
2453 2389 2627 2452 doces,

1608 2487 1639 2521 e
1669 2487 1778 2540 quo
1818 2479 1964 2521 recta
2001 2467 2156 2521 lectio
2203 2465 2355 2518 facile
2400 2463 2630 2518 elicitur.

1608 2550 1688 2600 Sic
1715 2551 1966 2617 deliraque
2003 2549 2232 2616 magi-tem
2261 2546 2326 2597 A.
2357 2544 2626 2598 Heuman-

1609 2646 1712 2682 nns
1725 2640 1847 2702 post
1862 2645 2078 2682 versum
2095 2625 2330 2697 primum
2341 2635 2630 2696 punctum,

1609 2719 1727 2780 post
1752 2707 2048 2763 secundum
2073 2723 2278 2759 comma
2299 2713 2505 2756 tantum
2532 2721 2628 2776 po-

1609 2788 1714 2854 nit,
1737 2798 1798 2840 ut
1833 2786 1968 2839 adeo
2001 2781 2263 2839 secundus
2299 2799 2424 2834 cum
2469 2781 2630 2834 tertio

1605 2867 1978 2938 conjungatur.
2019 2862 2186 2917 Vides
2219 2871 2426 2922 entem,
2459 2878 2627 2932 quam

1607 2947 1744 3002 male
1775 2943 2050 3000 conveniat
2075 2946 2218 2996 Sicca
2257 2959 2337 2995 me
2375 2943 2548 2993 docet.
2571 2979 2586 2992 .
2611 2979 2624 2992 .

1608 3031 1722 3078 dum
1743 3026 1985 3076 redirene:
2013 3021 2364 3074 debebatdum
2389 3021 2618 3072 redeunt.

1609 3107 1732 3158 Hac
1751 3103 1920 3175 Heyn.
1937 3132 2005 3142 -
2022 3105 2101 3154 Sic
2121 3113 2197 3161 tu,
2243 3103 2424 3158 Sea-u,
2455 3100 2625 3148 doces.

1611 3187 1688 3238 De
1713 3203 1778 3237 eo
1813 3185 1968 3238 Sexto
1990 3177 2204 3235 abunde
2234 3177 2344 3232 dixi
2365 3177 2420 3229 in
2445 3193 2628 3248 proo-

1609 3283 1732 3318 nno.

1685 3343 1736 3396 3.
1782 3347 1910 3394 Dum
1955 3355 2170 3408 tempora
2199 3339 2345 3408 festa
2399 3337 2628 3387 redirent.

1611 3423 1850 3476 Debebat
1876 3423 2118 3472 redibant.
2153 3415 2258 3472 Sed
2294 3412 2502 3466 videtur
2535 3413 2626 3467 hic

1611 3513 1796 3555 auctor
1835 3505 1950 3551 dum
1993 3516 2091 3570 pro
2129 3516 2276 3566 quum
2302 3511 2532 3565 ponere,
2563 3506 2627 3547 ut

1612 3581 1750 3633 infra
1778 3600 1828 3632 v.
1857 3597 1908 3650 7.

1683 3667 1734 3722 4.
1765 3666 2034 3727 Perpetuo..
2047 3695 2060 3708 .
2079 3659 2213 3723 Indo,
2230 3655 2269 3707 i.
2287 3675 2333 3710 e.
2353 3660 2629 3726 continno,

1611 3741 1786 3810 longo,
1811 3755 1914 3791 nec
1957 3737 2272 3806 interrupto,
2317 3743 2520 3788 Iunctos
2557 3759 2628 3790 σε

1613 3823 1785 3871 ordine
1803 3821 1944 3869 ludos
1973 3815 2100 3869 dicit
2133 3813 2293 3867 ovid.
2321 3817 2486 3869 Triut.
2519 3817 2626 3884 ΙΙΙ,

1621 3917 1702 3963 η,
1725 3916 1805 3966 ¹7·
1825 3896 1973 3967 Virg.
2007 3897 2128 3946 AEn.
2153 3895 2287 3958 vn,
2312 3897 2410 3965 176
2437 3911 2497 3946 :a
2515 3895 2630 3950 Pen-

1615 3977 1783 4048 petuis
1805 3975 1947 4028 soliti
1983 3987 2156 4046 patres
2183 3973 2458 4028 considere
2479 3993 2632 4028 men-

1609 4056 1681 4109 sis
1705 4083 1746 4106 n.
1769 4056 2000 4118 Curtius,
2025 4055 2094 4118 V,
2115 4060 2142 4114 4
2161 4089 2176 4115 ,
2211 4053 2240 4105 5
2269 4071 2282 4104 :
2315 4079 2338 4097 u
2361 4057 2635 4124 perpetui,

1613 4135 1868 4187 montium
1897 4134 2030 4204 jugis
2053 4131 2318 4185 clauditur
2339 4155 2377 4183 ο.
