2964 4690
1193 371 1566 440 MEDEA.
2195 358 2211 446 Ϊ
2291 368 2436 468 495

424 497 787 593 Expediam
831 493 1067 575 dictis,
1102 506 1169 562 et
1202 507 1269 562 te
1308 506 1421 561 tua
1462 490 1598 560 sata
1633 489 1910 559 docebo,

424 613 802 704 Conspectu
842 606 913 674 in
955 603 1213 687 medio,
1255 626 1463 695 quum
1507 600 1682 669 dona
1729 600 2097 692 imponeret
2138 601 2305 686 πίε,
2363 627 2439 670 ⁴1⁵

420 722 529 789 Ah
550 775 569 808 ‚
608 720 799 812 virgo
838 710 1101 797 infelix!
1146 711 1374 784 oculos
1408 710 1664 804 dejecta
1699 710 2012 795 decoros;

425 828 737 922 Undique
775 825 1183 894 conveniunt
1226 845 1347 916 per
1389 818 1618 888 limina
1661 833 1800 888 tota
1843 818 2216 912 frequentes
2322 893 2340 904 ,

422 942 670 1009 Matres
706 951 904 1030 atque
939 933 1107 1019 viri,
1141 928 1616 1023 cumulantque
1654 927 1885 998 altaria
1923 927 2136 998 donis,

420 1051 767 1146 Religione
801 1061 1066 1143 petrum
1097 1044 1381 1114 biforem
1418 1042 1534 1111 dat
1567 1043 1728 1111 tibia
1767 1057 2058 1110 cantum.

422 1163 649 1250 Quum
684 1159 904 1229 subito
924 1211 943 1242 ‚
974 1157 1287 1249 dictuque
1320 1152 1536 1221 oritur
1570 1150 1872 1220 mirabile
1907 1163 2300 1220 monstrum.
2363 1178 2441 1222 420

421 1273 589 1338 Ecce
626 1267 789 1336 levis
820 1291 1083 1335 summo
1115 1260 1514 1333 descendere
1548 1286 1828 1356 corpore
1858 1261 2060 1355 pestis

320 1461 415 1514 ubi
446 1458 647 1514 inserui
677 1473 731 1510 at
748 1497 764 1522 ‚
788 1473 950 1529 quam
977 1453 1219 1508 voculam
1248 1470 1336 1504 cx·

318 1539 510 1594 cidisse
530 1549 660 1609 puto
674 1575 692 1610 ,
718 1533 1055 1608 repetendam
1076 1551 1137 1585 ex
1155 1530 1334 1583 ultima

317 1621 467 1673 litera
494 1616 835 1691 precedentis
861 1614 1006 1669 vocis
1034 1617 1261 1664 Munera.

393 1705 512 1764 414.
548 1699 826 1768 Expediam
868 1697 1039 1754 dictis,
1087 1705 1135 1744 et
1168 1705 1215 1742 te
1248 1705 1334 1740 ma

302 1781 432 1848 fata
454 1781 664 1843 docebo,
686 1793 750 1828 ex
782 1775 877 1828 lib.
892 1775 972 1825 VI
988 1810 1005 1836 ‚
1029 1771 1133 1842 759
1155 1787 1171 1822 ε
1194 1768 1333 1822 male

318 1859 375 1911 in
398 1869 622 1929 utroque
649 1851 985 1923 codicefacta
999 1892 1015 1917 ‚
1043 1862 1101 1903 ut
1127 1861 1179 1902 et
1196 1867 1331 1902 vers.

316 1955 429 2009 seq.
468 1941 729 2004 deponeres
752 1934 941 1988 vitiose
979 1931 1034 1983 in
1070 1928 1231 1981 Salm.
1262 1947 1333 1977 m-

308 2030 518 2085 ponmt
534 2015 589 2068 in
617 2011 765 2068 Leid.
791 2011 907 2065 cod.
934 2029 1034 2082 pro
1067 2011 1332 2076 imponeret

314 2098 449 2157 atis,
473 2113 533 2147 ex
557 2094 649 2146 lib.
667 2093 745 2144 lv
762 2095 881 2144 AEn.
913 2089 1045 2154 4533
1066 2100 1118 2140 et
1144 2086 1221 2139 sic
1237 2103 1325 2155 ap.

313 2173 457 2228 Non.
476 2172 710 2226 Marcell.
735 2171 794 2223 in
818 2171 1081 2237 imponere,
1098 2185 1151 2236 p.
1172 2165 1294 2218 328.

388 2257 509 2316 416.
539 2255 641 2308 Ala,
664 2253 811 2317 virgo
828 2249 1039 2314 infelix!
1063 2249 1229 2298 ocutos
1246 2248 1331 2294 de·

300 2335 447 2403 jecta
467 2335 688 2386 decoros.
717 2329 887 2383 Prima
909 2345 1087 2381 versus
1108 2342 1226 2396 pars
1253 2334 1331 2378 est

312 2431 377 2466 cx
402 2412 579 2484 Eclog.
596 2412 699 2477 v1,
716 2419 783 2481 47
804 2420 856 2463 et
878 2408 941 2461 52
960 2446 975 2471 ,
1001 2406 1093 2458 ubi
1116 2412 1161 2455 A
1183 2406 1329 2471 virgo

312 2492 370 2545 in
390 2491 656 2545 nonnullis
672 2488 945 2543 codicibus
971 2500 1025 2539 et
1044 2480 1185 2554 apud
1208 2482 1331 2533 Pro-

312 2570 447 2623 bum
465 2608 482 2633 ,
514 2569 605 2623 lib.
630 2570 659 2619 1
684 2566 853 2621 Instit.
882 2565 1067 2618 Grani.
1091 2580 1145 2633 p.
1166 2560 1298 2629 1387
1315 2590 1331 2615 ι

314 2649 403 2704 ed.
428 2648 641 2703 Pustch.
679 2658 731 2699 et
767 2645 845 2699 sic
884 2642 939 2696 in
981 2638 1135 2695 codd.
1166 2637 1329 2693 Salm.

312 2742 371 2783 et
405 2727 557 2781 Leid.
604 2723 794 2779 deinde
833 2727 1035 2774 decorus
1079 2720 1136 2771 in
1174 2715 1326 2771 Leid.

312 2811 470 2860 oculis
493 2808 685 2875 dejecta
708 2804 897 2855 decoris
923 2800 977 2852 in
1016 2816 1123 2851 uno
1146 2796 1329 2851 codice

308 2883 795 2955 Rottendorphinno
838 2890 917 2933 est
958 2876 1099 2949 apud
1140 2875 1327 2947 virgil.

313 2968 435 3017 ΔΕΒ.
460 2964 541 3016 XI
560 3000 576 3026 ,
617 2963 755 3026 4805
798 2957 891 3011 sed
924 2961 1089 3008 oculos
1124 2959 1327 3007 dec-oms

309 3044 510 3098 habent
534 3040 741 3095 scheda
762 3036 913 3101 MSS,
936 3048 1043 3087 tam
1060 3035 1163 3087 hoc
1186 3033 1325 3097 loco,

312 3142 472 3195 quam
499 3119 716 3172 Anthol.
756 3118 935 3169 Burm.
960 3114 1053 3165 lib.
1079 3114 1106 3164 1
1124 3152 1139 3178 ,
1160 3112 1323 3183 epigr.

315 3202 383 3254 50
401 3241 420 3267 ,
437 3219 513 3256 vs.
537 3200 627 3252 68.
668 3192 1071 3249 Hemistichium
1094 3190 1197 3243 hoc
1209 3192 1328 3244 Vir-

310 3279 567 3352 gilianum
583 3274 844 3329 Martiano
860 3270 1106 3343 Capella,
1129 3268 1217 3323 lib.
1228 3270 1327 3337 lx,

309 3380 362 3429 p.
387 3358 489 3411 306
507 3394 525 3421 ,
542 3356 637 3409 ubi
662 3356 716 3409 in
746 3354 973 3423 vulgatis
996 3349 1134 3402 male
1152 3348 1327 3403 editur

308 3444 479 3492 oculos
502 3441 693 3489 delecta
708 3438 933 3497 decoros,
950 3431 1085 3483 bene
1103 3428 1329 3483 restituit

312 3519 427 3573 cel.
466 3502 732 3570 Drakenh.
776 3511 844 3565 ad
888 3511 1073 3564 smum
1090 3550 1106 3575 ‚
1153 3508 1293 3561 vm
1312 3548 1329 3575 ‚

311 3600 381 3669 73
404 3614 421 3661 3
448 3595 591 3669 quod
611 3592 778 3649 codex
797 3590 1045 3645 Martiani
1066 3586 1325 3641 Cauchiu-

309 3696 411 3730 nus
430 3689 482 3731 et
498 3674 771 3729 Leidensis
782 3671 1084 3725 confirmat:
1112 3684 1330 3739 sequen·

309 3768 389 3809 tes
408 3754 519 3809 dno
544 3772 725 3809 versus
748 3750 1115 3806 desiderantur
1130 3747 1185 3799 in
1204 3744 1326 3801 cod.

309 3832 577 3891 Leidensi.

387 3922 509 3984 419.
550 3915 763 3982 Bilbrum
814 3914 907 3961 dat
947 3911 1063 3959 tibia
1112 3920 1325 3957 canaan.

310 3994 405 4047 Est
442 4012 506 4047 ex
532 3996 653 4045 AEn.
683 3991 781 4043 lib.
818 3988 931 4053 IX,
965 3988 1106 4053 618,
1144 3997 1197 4037 et
1225 3984 1331 4037 hoc

312 4072 647 4127 hemistichia
673 4068 864 4140 virgil.
904 4067 1130 4119 illustrat
1170 4064 1331 4118 Scho-

1422 1448 1600 1504 liastes
1631 1449 1778 1502 Statii
1825 1447 1954 1501 illud
1992 1466 2056 1501 ex
2084 1447 2253 1500 Theb.
2269 1448 2439 1513 vm,

1425 1547 1524 1580 222
1546 1549 1558 1580 =
1581 1529 1822 1600 ugemina
1844 1546 1947 1581 aera
1967 1540 2172 1588 sonant,
2195 1526 2439 1599 Idaeaqne

1421 1619 1566 1678 terga
1591 1648 1606 1672 ,
1661 1609 1726 1660 Et
1769 1605 2040 1660 moderata
2077 1625 2266 1660 sonum
2291 1607 2440 1660 vario

1421 1685 1704 1756 spiramine
1727 1687 1896 1738 buxus
1916 1703 1976 1749 »ς
2013 1686 2106 1738 ubi
2127 1685 2346 1755 explicat
2371 1683 2438 1738 de

1423 1765 1546 1818 tibia
1592 1765 1734 1818 varie
1782 1765 1964 1818 forata.
2015 1763 2082 1816 Et
2119 1763 2326 1818 Servius
2369 1764 2435 1816 ad

1419 1843 1563 1897 hunc
1592 1843 1772 1895 locum
1811 1845 2064 1910 imparem,
2098 1845 2314 1893 bisonum
2344 1861 2436 1895 ex-

1417 1921 1598 1991 ponit,
1636 1939 1698 1973 ac
1735 1915 1822 1973 de*
1837 1919 1978 1973 tibiis
2015 1919 2286 1986 Serranis,
2319 1939 2436 1992 quae

1411 2019 1560 2068 pares
1574 2041 1590 2065 ,
1617 2012 1668 2052 et
1687 1998 1928 2072 Phrygiis
1947 2039 1962 2064 ,
1985 2017 2108 2070 quae
2128 2002 2333 2067 impares
2351 1999 2435 2052 di-

1418 2090 1638 2142 cuntur,
1682 2077 2072 2149 agit,adducto
2116 2078 2214 2132 hac
2263 2077 2330 2130 de
2377 2097 2436 2130 re

1417 2158 1672 2212 Varronis
1709 2159 2018 2228 fragmento.
2059 2157 2139 2208 De
2184 2157 2266 2208 his
2291 2158 2434 2210 tibiis
2549 2193 2564 2213 0

1418 2238 1635 2308 paribus
1663 2249 1715 2289 et
1742 2237 2034 2306 imparibus
2056 2235 2174 2287 licet
2194 2236 2433 2288 virorum

1418 2315 1760 2381 eruditorum·
1786 2313 2045 2368 industria
2078 2312 2226 2367 haud
2267 2333 2436 2387 pauca

1414 2396 1576 2449 literis
1603 2395 1905 2466 consignata
1931 2398 2032 2445 sint
2050 2432 2066 2457 ‚
2099 2392 2334 2445 nondum
2360 2405 2436 2446 ta-

1418 2492 1542 2527 men
1562 2472 1742 2525 omnia
1759 2471 1828 2525 ad
1849 2470 2108 2543 liquidum
2125 2470 2438 2524 deducta.—

1415 2554 1632 2621 Bg'forem
1662 2555 1754 2602 dat
1773 2552 1890 2601 tibia
1915 2564 2128 2601 camum.
2155 2548 2278 2603 Haec
2303 2570 2434 2623 quo-

1416 2650 1523 2704 que
1539 2629 1832 2701 desumpsit
1850 2630 2044 2681 Auson.
2056 2626 2124 2679 ad
2144 2629 2432 2681 Centonem

1416 2710 1706 2781 nuptialem
1720 2746 1738 2770 ,
1756 2725 1919 2760 coenae
1939 2706 2211 2779 nuptialis,
2234 2725 2312 2760 τε.
2337 2712 2432 2771 163

1414 2789 1510 2842 ubi
1547 2787 1928 2857 interpretatur
1959 2784 2311 2857 Souchayus:
2353 2786 2432 2839 Ne

1414 2867 1676 2937 intelligas
1697 2883 1794 2937 per
1811 2864 1918 2918 duo
1935 2875 2143 2917 tantum
2169 2864 2433 2918 foramina

1413 2946 1776 3011 modulatum,
1812 2941 1905 2997 sed
1935 2941 2205 3015 geminum
2248 2954 2300 2996 et
2334 2962 2432 3015 per

1414 3024 1640 3081 duarum
1655 3023 1814 3079 simul
1825 3023 2075 3077 tibiarum
2091 3060 2106 3086 ‚
2124 3020 2322 3073 dextra
2339 3022 2432 3074 sci-

1412 3105 1536 3159 licet
1579 3117 1629 3157 et
1675 3103 1902 3157 sinistra
1948 3100 2206 3154 foramina
2251 3118 2430 3152 erum-

1411 3196 1649 3257 pentem,
1672 3183 1793 3236 licet
1815 3183 1883 3235 ab
1901 3199 2011 3233 uno
2031 3178 2323 3249 eodemque
2339 3198 2432 3233 ore

1412 3264 1728 3335 profectum.
1755 3262 1855 3313 En.

1486 3358 1604 3415 420.
1638 3355 1794 3417 Quum
1822 3348 2006 3412 subito,
2034 3348 2260 3413 diemque
2279 3350 2432 3398 oritur

1414 3430 1631 3482 mirabile
1651 3442 1935 3479 monstrum.
1959 3424 2159 3477 Favent
2176 3422 2265 3477 hic
2283 3426 2431 3479 sche-

1413 3510 1498 3564 da
1539 3506 1672 3561 MSS
1713 3505 1955 3559 Medieeo
1993 3514 2045 3557 et
2082 3502 2197 3556 aliis
2219 3504 2433 3577 Virgilii

1414 3586 1686 3643 codicibus
1724 3583 1869 3656 apud
1907 3582 2138 3637 Pieriam
2177 3594 2230 3635 ct
2266 3580 2431 3636 Hein-

1415 3667 1581 3733 sium,
1611 3663 1823 3718 AEneid.
1861 3661 1953 3713 lib.
1996 3662 2051 3713 11
2075 3698 2092 3725 ,
2114 3662 2228 3715 680
2247 3698 2261 3725 ,
2310 3662 2432 3716 licet

1416 3748 1620 3799 subitum
1665 3744 1722 3795 in
1772 3741 2020 3813 vulgatis,
2061 3751 2112 3794 et
2155 3741 2208 3793 in
2250 3740 2433 3795 codice

1418 3823 1632 3877 Amstel.
1652 3821 1854 3893 legetur
1875 3837 1888 3871 ε
1912 3822 2064 3873 subito
2083 3820 2138 3873 in
2157 3818 2251 3872 MS
2271 3820 2433 3873 Fran-

1412 3904 1600 3966 cinno,
1635 3912 1688 3955 et
1727 3901 1780 3952 in
1819 3918 1940 3953 meo
1977 3898 2160 3956 codice
2200 3917 2230 3949 a
2267 3916 2426 3949 manu

1413 3984 1622 4057 prima,
1649 3978 1746 4034 scd
1781 3979 2060 4033 recentiori
2087 3996 2266 4039 manu,
2314 3996 2427 4030 cor-

1414 4075 1620 4117 rectum
1647 4063 1867 4113 subitum.
