2964 4690
437 375 446 395 ⁸
547 396 688 442 220

1325 375 1895 446 MAXIMIANI

638 492 877 587 Fitque
907 493 1112 587 tripes
1131 545 1152 578 ‚
1178 515 1450 586 prorsus
1486 496 1904 592 quadrupes,
1931 513 2007 566 ut
2050 497 2366 592 parvulus
2401 501 2640 583 infans,

737 605 822 672 Et
853 625 972 696 per
1005 601 1381 672 sordentem
1405 659 1426 692 ‚
1460 605 1715 696 flebile,
1762 608 1938 702 repit
1972 608 2276 678 humum.

650 715 862 783 Ortus
901 727 1142 783 cuncta
1179 737 1334 782 suos
1371 730 1715 810 repetunt,
1752 732 2163 812 matremque
2195 718 2576 812 requirunt3

737 825 822 890 Et
851 821 1021 892 redit
1057 822 1143 892 ad
1175 822 1456 893 nihilum
1480 879 1501 913 ‚
1537 826 1718 920 quod
1747 827 1871 896 fuit
1904 843 2058 898 ante
2094 829 2280 899 nihil.

543 1063 600 1104 ut
628 1051 888 1123 praeipue
916 1051 1293 1108 demonstravit
1321 1054 1561 1108 Sanctius

542 1129 769 1185 Minerv.
792 1131 886 1185 lib.
918 1133 1016 1198 IV,
1043 1151 1160 1205 cap.
1191 1136 1270 1186 16.
1291 1133 1380 1186 Sic
1403 1133 1561 1206 Vir-g.

543 1211 666 1263 AEn.
689 1209 787 1274 VI,
815 1212 918 1265 638
943 1229 957 1263 ε
981 1237 1008 1258 ι
1027 1213 1296 1266 Devenere
1317 1210 1563 1265 locoslae·

543 1299 650 1354 tos,
687 1301 739 1342 et
773 1307 978 1344 amoena
1001 1290 1192 1358 vireta,
1233 1301 1336 1344 etc.
1355 1316 1382 1337 υ
1410 1290 1564 1345 Idem

544 1369 671 1420 AEn.
694 1368 804 1433 vl,
823 1371 928 1438 696
952 1388 966 1423 :
992 1369 1146 1423 «hnc
1171 1369 1357 1423 limina
1376 1369 1563 1424 tende·

543 1464 603 1498 re
627 1445 807 1519 adegit
827 1465 888 1511 ις
923 1447 1086 1503 Ovid.
1113 1448 1242 1502 Met.
1281 1449 1387 1515 111,
1421 1451 1523 1513 462
1546 1465 1563 1498 z

545 1549 570 1570 u
585 1524 767 1578 Verba
814 1527 982 1580 refers
1021 1545 1174 1580 auree
1221 1546 1332 1581 non
1375 1545 1563 1598 perve-

544 1603 742 1657 nientia
759 1617 968 1658 nostras
988 1624 1043 1670 »ς
1062 1607 1275 1660 Plautus
1299 1607 1442 1660 Poen.
1461 1606 1563 1668 111,

544 1686 596 1749 6,
624 1689 656 1746 4
678 1702 692 1738 :
727 1709 750 1730 ·
772 1684 976 1738 utinam
1003 1685 1131 1738 hinc
1152 1686 1342 1738 abierit
1369 1685 1561 1738 malam

541 1781 754 1816 crucem
770 1788 793 1811 ιι
811 1781 828 1828 3
848 1763 1058 1836 Apulei.
1079 1765 1204 1817 Met.
1222 1765 1334 1828 -IX,
1355 1785 1409 1837 p.
1430 1770 1557 1832 194:

547 1868 572 1887 ee
590 1842 755 1894 larem
791 1843 974 1896 reveni
1003 1861 1182 1896 meum
1203 1860 1259 1906 »3
1287 1841 1415 1897 ibid.
1441 1861 1561 1915 pag.

499 1935 511 1948 ‘
551 1939 684 1992 199:
731 1921 986 1974 «hortum
1032 1921 1210 1976 redire
1229 1947 1272 1975 a.
1327 1922 1468 1994 Ergo
1513 1933 1565 1974 et

547 2017 728 2054 terram
777 2003 936 2054 redire
983 2001 1342 2056 Maximianus
1387 2001 1566 2054 dicere

545 2082 744 2153 potuit,
767 2079 929 2152 idque
951 2080 1055 2135 hoc
1081 2081 1277 2153 magis,
1299 2080 1446 2152 qnod
1465 2083 1569 2134 La-

545 2161 644 2215 tini
683 2160 838 2215 etiam
885 2161 1178 2233 genitivum
1211 2175 1352 2212 terra
1389 2179 1488 2232 pro
1516 2165 1567 2212 in

545 2255 698 2307 terra,
723 2254 780 2294 ut
807 2244 962 2305 humi,
988 2240 1213 2294 subinde
1229 2251 1567 2314 usurparunt.

545 2320 862 2392 Exemplum
888 2320 1118 2375 vidimus
1145 2319 1214 2375 ad
1252 2340 1304 2375 v.
1348 2321 1448 2375 213
1466 2360 1482 2387 ‚
1513 2321 1568 2374 in

543 2400 668 2453 loco
685 2400 884 2465 Ovidii,
899 2402 1014 2453 Am.
1027 2402 1136 2466 111,
1158 2420 1207 2463 a,
1230 2401 1317 2467 25,
1331 2414 1384 2454 et
1398 2401 1569 2473 pluri-

547 2480 647 2532 bus
655 2480 904 2553 exemplis
911 2480 967 2534 id
979 2480 1127 2535 firma
1134 2495 1155 2534 t
1167 2480 1570 2535 Drakenborch.

541 2557 614 2610 ad
635 2558 752 2613 Liv.
770 2561 842 2625 V,
861 2561 947 2624 51,
977 2578 1034 2630 9.

623 2658 649 2693 a
662 2657 742 2707 19.
763 2642 837 2692 Fit
856 2644 1004 2709 turpis
1029 2659 1234 2709 prorsus
1269 2639 1337 2692 G.
1371 2658 1570 2707 prorsus

550 2722 926 2789 quadrupe-sque
961 2718 1109 2773 dedit
1139 2719 1349 2790 Bipont.
1391 2718 1572 2771 nescio

550 2816 660 2869 quo
683 2796 851 2853 duce:
875 2818 1000 2854 nam
1022 2799 1146 2853 libri
1169 2799 1468 2852 meiomnes
1479 2816 1571 2851 co·

547 2878 676 2949 pulu
704 2898 801 2946 que
825 2890 1036 2931 carent:
1081 2897 1247 2930 rursus
1292 2880 1570 2946 quadrupes

551 2958 615 3009 L.
637 2958 699 3009 Λ.
720 2961 976 3027 -Fieque
1008 2960 1154 3026 tripes
1168 2997 1185 3024 ,
1201 2976 1406 3027 prorsus
1441 2975 1570 3024 qua·

551 3040 745 3104 ἀνηρει.
769 3037 1002 3108 Respicit
1025 3034 1094 3093 ud
1119 3035 1349 3090 fabulam
1372 3046 1425 3088 et
1443 3036 1571 3088 ani·

553 3134 672 3185 gma
687 3116 938 3190 Sphingis
953 3155 969 3182 ‚
991 3116 1061 3169 ab
1077 3115 1290 3187 OEdipo
1309 3116 1541 3169 solutum
1556 3152 1573 3181 ,

551 3194 696 3265 quod
713 3194 1447 3267 AusoniuainGripho,1dy1.
1465 3196 1573 3263 xl,

551 3290 604 3326 v.
635 3274 701 3327 38
734 3294 843 3351 seq.
872 3276 1100 3335 breviter
1124 3275 1207 3328 his
1227 3273 1402 3329 verbis
1423 3293 1571 3329 com·

1649 1057 1842 1131 drupes
1858 1059 2074 1131 rituque
2090 1057 2209 1112 tulit
2226 1075 2321 1111 sua
2336 1055 2577 1109 membra
2600 1055 2677 1108 se-

1651 1157 1830 1194 rarum
1846 1175 1863 1201 ,
1891 1151 1994 1192 eto.
2010 1165 2035 1185 n
2053 1137 2161 1204 Qui
2187 1137 2255 1192 de
2276 1135 2513 1210 Sphinge
2529 1136 2671 1207 ejus-

1650 1237 1757 1292 que
1797 1221 2013 1272 oraculo
2074 1227 2293 1290 egerunt
2312 1257 2327 1284 ,
2388 1216 2675 1285 scriptores

1651 1310 1852 1358 veteres
1874 1309 2153 1352 recensent
2183 1301 2318 1367 Aug.
2348 1313 2451 1348 van
2486 1293 2673 1348 Stave'·

1651 1397 1747 1431 ren
1766 1377 1832 1430 ad
1853 1378 2052 1449 Hygin.
2082 1377 2189 1430 fab.
2222 1374 2455 1440 LXVII,
2476 1386 2527 1427 et
2554 1372 2675 1426 Hei·

1652 1455 1773 1509 nius
1792 1454 1860 1508 ad
1882 1453 2121 1525 Apollod.
2148 1454 2243 1506 lib.
2264 1453 2347 1505 111
2366 1490 2383 1516 ,
2407 1470 2457 1505 c.
2480 1452 2531 1514 5,
2617 1453 2673 1505 8.

1724 1545 1844 1579 sao.
1868 1530 2026 1594 Serpit
2058 1529 2253 1577 hennum
2281 1541 2466 1577 omnes
2488 1541 2521 1576 v
2650 1551 2675 1564 ·

1648 1615 1714 1656 ιω
1737 1621 1751 1656 :
1781 1607 1906 1674 repit
1932 1621 2034 1676 pro
2063 1602 2349 1657 variatione
2377 1613 2583 1675 ponunt
2606 1601 2678 1652 V.

1650 1682 1715 1744 L.
1768 1701 1938 1736 unum
1993 1686 2117 1752 repit
2155 1681 2367 1736 exhibet
2415 1683 2480 1734 G.
2528 1680 2677 1752 quod

1650 1780 1835 1816 verum
1885 1773 2017 1834 puto
2055 1779 2069 1814 z
2102 1765 2276 1833 flebile
2334 1761 2471 1816 Pith.
2517 1759 2681 1812 inter-

1648 1841 1932 1914 punctione
1977 1840 2252 1913 distinguit
2268 1878 2285 1905 ,
2332 1859 2437 1894 non
2488 1841 2627 1893 male
2660 1856 2676 1890 ε

1653 1921 1841 1992 probat
1866 1921 2011 1975 idem
2034 1921 2323 1974 Burmann.
2342 1919 2557 1972 Anthol.
2571 1919 2679 1973 vol.

1654 2002 1710 2065 1,
1739 2019 1794 2072 p.
1824 2003 1944 2070 196.
1970 2032 2041 2042 -
2078 2001 2193 2054 Peri
2220 1999 2555 2054 distinctione
2580 1998 2680 2052 sil.

1657 2081 1755 2146 IV,
1786 2081 1919 2152 570:
1949 2105 1975 2126 α
2000 2081 2239 2134 Palantes
2262 2082 2370 2152 agit
2396 2079 2465 2134 ad
2496 2080 2640 2152 ripas
2662 2122 2681 2148 ,

1658 2159 1979 2224 miserabile,
1993 2160 2179 2213 Poenos
2198 2185 2237 2212 ι.
2258 2160 2339 2213 Ita
2363 2160 2521 2213 etiam
2542 2159 2683 2216 sorte

1656 2239 2087 2312 distinguendum
2132 2239 2273 2312 apud
2318 2242 2525 2294 Lucan.
2566 2239 2647 2291 lx
2668 2281 2685 2307 ,

1658 2319 1793 2373 832:
1835 2345 1861 2367 α
1882 2319 2272 2393 Exemplarque
2294 2321 2375 2373 sui
2398 2329 2641 2391 spectans
2664 2358 2680 2381 ‚

1656 2399 1952 2453 miserabile
1971 2400 2075 2467 leti,
2092 2400 2201 2452 Stat
2222 2411 2365 2453 tutus
2386 2439 2402 2465 ,
2424 2411 2683 2471 pereunte

1660 2498 1820 2532 manu
1832 2504 1874 2532 ··.
1889 2478 1999 2531 Nisi
2016 2490 2191 2533 tamen
2210 2477 2469 2551 hicflcbile
2486 2496 2581 2549 pro
2583 2480 2685 2547 fle-

1659 2562 1828 2611 biliter.
1842 2558 1945 2611 En.
1960 2588 2031 2599 --
2042 2564 2108 2611 Ec
2116 2578 2213 2627 per
2230 2562 2501 2611 sordentem
2508 2560 2684 2629 ,flebi-

1660 2643 1725 2705 Ie,
1750 2640 1872 2707 repit
1888 2640 2099 2691 humum.
2124 2636 2214 2691 sic
2228 2637 2563 2691 scribendum
2581 2656 2685 2708 pu·

1659 2718 1770 2771 tavi
1813 2716 1977 2770 ductu
2014 2717 2369 2789 quorumdam
2416 2716 2686 2788 exempla-

1658 2797 1799 2850 rium
1813 2806 2168 2861 vetnstorum,
2186 2797 2303 2850 licet
2318 2796 2557 2867 impressi
2568 2796 2687 2867 ple-

1658 2876 2052 2949 riquehabeant
2066 2880 2211 2947 ser-pie
2231 2881 2441 2929 humum.
2457 2874 2589 2928 Nam
2610 2876 2687 2929 de

1660 2956 1972 3020 infantibus,
1984 2955 2052 3009 de
2061 2956 2255 3029 quibus
2264 2955 2351 3008 hic
2362 2972 2551 3019 sermo,
2562 2972 2691 3025 pro·

1658 3036 1833 3107 prium
1854 3048 1931 3090 est
1955 3056 2123 3103 repere
2150 3034 2235 3089 vel
2262 3049 2468 3104 reptare.
2490 3034 2688 3087 Claud.

1662 3117 1747 3168 111
1777 3118 1938 3170 Cons.
1969 3115 2113 3169 Bon.
2154 3134 2206 3167 v.
2249 3132 2349 3167 ιιι
2390 3114 2689 3185 -Ῑίεριιιειί

1660 3214 1756 3267 per
1774 3206 1919 3251 scuta
1946 3213 2139 3265 puer».
2172 3194 2240 3247 Et
2262 3192 2511 3265 pluribus
2534 3192 2687 3247 hunc

1664 3294 1817 3329 usum
1826 3274 2243 3329 demonstratum
2255 3272 2435 3327 videas
2449 3293 2478 3327 a
2492 3272 2691 3327 Schra-

553 3352 737 3424 plexus
750 3366 853 3409 eet:
871 3356 1012 3411 «ma
1027 3356 1186 3409 etiam
1201 3355 1460 3409 thalamos
1476 3372 1576 3427 per
1662 3353 1833 3409 dero
1818 3374 1877 3407 in
1900 3366 2009 3407 not.
2030 3352 2097 3407 ad
2118 3353 2305 3407 Avien.
2328 3353 2391 3405 D.
2402 3354 2468 3405 Ο.
2487 3372 2537 3405 v.
2555 3353 2687 3419 894.

555 3432 690 3484 trina
712 3434 982 3505 aenigmata
995 3452 1252 3507 querens,
1272 3432 1378 3500 Qui
1399 3433 1569 3505 bipes,

554 3524 606 3564 ct
625 3511 928 3585 quadrupes
947 3514 1110 3578 soret,
1129 3526 1182 3567 et
1206 3513 1366 3585 tripes
1385 3514 1563 3566 omnia

554 3591 722 3655 solus,
767 3592 983 3646 Terruit
1021 3594 1248 3646 Aoniam
1302 3592 1529 3646 volucris
1549 3631 1564 3656 ,

553 3670 656 3735 lco,
683 3673 852 3743 virgo,
871 3672 1120 3725 triformis
1147 3672 1355 3744 Sphinx
1371 3710 1388 3737 ,
1417 3671 1567 3725 volu-

553 3748 658 3801 cris
689 3750 906 3823 pennis,
955 3750 1176 3822 pedibus
1213 3752 1353 3817 sera,
1398 3752 1570 3805 fronte

555 3829 728 3897 puella
751 3854 796 3881 n.
825 3828 1029 3882 Adlusit
1059 3849 1270 3902 quoque
1296 3830 1470 3897 Naso,
1491 3830 1570 3883 di-

555 3926 734 3967 versas.
765 3920 934 3963 :etates
979 3908 1206 3963 hominis
1242 3908 1567 3975 describens,

553 3988 678 4039 Met.
707 3987 830 4053 XV,
871 4007 964 4045 221
997 4006 1010 4039 :
1051 4014 1074 4033 ιι
1094 3988 1278 4043 Editus
1318 3990 1370 4043 in
1401 3990 1570 4042 lucem

558 4066 726 4135 jacuit
739 4066 851 4121 sine
865 4067 1062 4121 viribus
1083 4068 1252 4121 infans
1273 4086 1284 4119 ε
1309 4068 1428 4121 Mox
1449 4088 1575 4140 qua-

1653 3434 1871 3488 Phrasin
1900 3445 2062 3486 totam
2093 3431 2371 3505 usurpavit
2397 3430 2687 3496 Horatius,

1654 3515 1817 3587 Epist.
1846 3515 1924 3576 11,
1968 3532 2013 3579 1,
2043 3512 2174 3566 251·
2220 3528 2361 3565 «nec
2408 3528 2689 3564 sermones

1653 3614 1749 3665 ego
1778 3593 1985 3646 mallem
2008 3592 2263 3664 Repentes
2288 3608 2380 3662 per
2398 3588 2629 3642 humum
2642 3616 2689 3643 υ.

1656 3674 1865 3727 Οεεῐοτιι
1872 3692 1925 3725 ιιι
1943 3690 2133 3740 serpere
2146 3684 2199 3724 et
2218 3690 2381 3739 repere
2402 3682 2653 3741 permuta
2664 3701 2683 3711 -

1659 3752 1705 3805 ri
1728 3752 1892 3805 solere
1906 3750 2083 3805 notavi
2108 3750 2177 3803 ad
2206 3750 2393 3809 Avien.
2412 3749 2505 3803 Or.
2534 3766 2681 3801 mar.

1664 3852 1709 3884 v.
1740 3831 1859 3901 577.
1903 3866 1917 3877 .

1736 3930 1797 3963 υ
1810 3930 1830 3963 1
1844 3950 1857 3961 .
1884 3916 2026 3961 Ortus
2040 3924 2234 3961 cemeta.
2260 3908 2374 3961 Hoc
2388 3918 2437 3959 et
2456 3924 2699 3975 sequens

1662 3989 1927 4043 distichon
1978 3990 2031 4040 in
2071 3988 2211 4039 Lun.
2258 3998 2426 4058 snspto
2472 3985 2699 4055 ponitur

1671 4081 1789 4141 post
1808 4086 1941 4123 vers.
1966 4068 2063 4131 234
2082 4105 2099 4131 ‚
2120 4066 2305 4121 ordine
2324 4085 2433 4119 non
2456 4064 2697 4121 meliore.
