2964 4690
1183 431 1573 500 MEDEA.

2300 425 2441 513 453

411 555 856 646 Prosequere‚
900 578 1162 622 caussas
1203 552 1655 646 nequidquam
1698 551 1909 619 nectis
1946 551 2195 620 inanes.

413 667 561 732 stat
597 687 716 731 sua
754 663 999 757 quique
1035 662 1212 734 dies:
1252 687 1391 732 non
1429 663 1555 757 ipsi
1594 661 1976 730 exscindere
2013 662 2189 730 ferro

413 771 739 843 Caelicolae
774 772 1074 860 valeant,
1113 774 1228 842 fati
1264 771 1448 867 quod
1481 771 1625 867 lege
1660 785 1942 840 tenetur.
2396 795 2443 844 γε

415 887 554 954 Nec
585 907 734 952 mea
761 884 902 977 jam
936 897 1194 956 mutata
1230 883 1379 952 loco
1415 882 1743 951 sententia
1778 881 1972 949 cedit.

1223 1043 1533 1090 MEDEAz

417 1147 574 1215 Non
610 1141 917 1236 equidem
956 1142 1223 1212 invideo
1257 1165 1505 1238 genero
1542 1140 1891 1234 dignisque
1926 1139 2326 1234 hymenaeiS‚

415 1256 568 1322 Non
600 1255 740 1347 jam
784 1253 1172 1347 conjugium
1216 1254 1569 1347 antiquum
1589 1306 1608 1338 ‚
1653 1251 1835 1345 quod
1871 1248 2199 1346 prodidit,
2240 1277 2403 1336 oro;

418 1368 708 1458 Tempus
751 1364 950 1432 inane
983 1379 1138 1458 peto
1171 1389 1187 1432 ε
1227 1361 1421 1433 liceat
1459 1363 1829 1433 subducere
1872 1360 2187 1446 classem3

416 1477 804 1543 Extremam
837 1473 1013 1542 hanc
1049 1498 1170 1542 oro
1213 1475 1474 1543 veniam
1504 1499 1519 1542 :
1558 1496 1869 1541 succurre
1907 1469 2185 1556 relictae,
2405 1497 2455 1534 ε.»

415 1587 600 1654 Dum
637 1583 873 1679 pelago
906 1583 1171 1653 desaevit
1206 1583 1452 1666 hiemS‚
1492 1585 1802 1651 miserere
1833 1580 2164 1675 parentiS‚

419 1701 486 1766 O
524 1697 819 1791 genitor,
861 1710 926 1764 et
969 1721 1090 1764 nos
1131 1695 1404 1790 aliquod
1439 1717 1815 1786 nomenque
1858 1692 2189 1786 decusque

321 1856 451 1920 XII,
479 1874 570 1926 72,
597 1855 822 1909 alterum
853 1876 918 1910 ex
943 1856 1039 1909 lib.
1070 1857 1178 1920 lx,
1211 1874 1345 1926 ²193

321 1933 469 1987 uude
502 1934 796 1989 Scriverius
834 1935 1058 1988 inseruit
1100 1936 1343 1989 voculam

321 2019 390 2067 Ina
411 2033 514 2086 pro
538 2019 630 2076 ab,
661 2027 722 2068 ut
756 2033 898 2087 sape
923 2014 1066 2087 apud
1086 2015 1341 2069 Statium:

322 2122 348 2140 -ι
369 2093 696 2167 Prosequere
716 2137 731 2162 ,
768 2093 839 2149 ha
875 2113 1084 2147 caussas
1124 2093 1344 2166 nequid-

323 2192 513 2244 quam,
558 2185 662 2226 etc.
697 2198 720 2220 ο
753 2173 845 2226 sed
887 2172 1022 2225 sorte
1057 2193 1122 2226 ex
1161 2174 1344 2226 ultima

321 2252 521 2323 syllaba
560 2253 704 2306 vocis
743 2259 1038 2319 Prosequere
1076 2261 1346 2323 praestaret

323 2352 384 2383 en
410 2331 496 2385 vel
515 2347 564 2384 et
587 2352 795 2383 caussas
812 2371 827 2396 ,
857 2342 954 2383 etc.

396 2415 483 2483 76.
504 2416 610 2464 Nec
627 2433 740 2465 mea
756 2415 867 2482 jam
893 2425 1080 2461 mutata
1106 2413 1215 2461 Ioco
1235 2430 1343 2461 sen·

323 2494 480 2543 tentia
493 2494 620 2543 eede't
639 2512 658 2541 .·
678 2491 754 2543 ita
775 2502 920 2543 recte
941 2485 1111 2541 edidit
1121 2487 1342 2541 Sci-iver.

325 2590 392 2623 ex
406 2571 573 2624 Salm.
594 2567 714 2622 cod.
733 2568 880 2641 quod
895 2566 1178 2621 aLeidensi
1192 2568 1346 2619 etiam

324 2649 600 2701 firmatur:
627 2666 802 2721 neque
820 2647 975 2701 aliter
991 2648 1046 2700 in
1065 2648 1176 2699 suis
1201 2644 1350 2699 codi-

325 2728 478 2781 cibus
507 2728 710 2781 invenit
747 2726 925 2779 Proba
965 2726 1176 2778 Falcon.
1208 2726 1346 2778 Cen-

327 2818 438 2861 tou.
477 2806 534 2857 iu
570 2807 641 2859 V.
683 2807 748 2859 T.
795 2824 911 2877 cap.
953 2806 1158 2870 XXIV,
1191 2823 1241 2856 v.
1272 2807 1344 2856 6:

327 2904 452 2940 nam
475 2890 600 2941 ,ΔΙ-Συ.
625 2886 719 2938 lib.
739 2886 822 2938 lx
839 2924 855 2950 ,
879 2904 1000 2948 πο,
1014 2884 1110 2937 ubi
1124 2884 1214 2936 hic
1227 2902 1348 2938 ver-

330 2984 418 3019 sus
455 2964 719 3031 occurrit,
761 2982 1034 3036 perperam
1063 2964 1350 3017 Masvicius

329 3041 496 3097 edidit
511 3046 758 3095 sententia
777 3046 905 3095 sedit
918 3054 1099 3095 contra
1115 3061 1347 3095 sensum:

331 3141 494 3195 quam
519 3122 795 3175 lectionem
823 3120 930 3174 illic
957 3121 1082 3173 satis
1104 3120 1348 3176 refutavit

329 3202 670 3255 Burmannus
696 3218 710 3251 :
750 3198 900 3252 aliud
930 3199 1068 3253 enim
1101 3212 1178 3253 est
1207 3200 1350 3271 apud

331 3282 528 3354 virgil.
557 3282 678 3333 AEn.
719 3280 829 3345 xl,
865 3279 962 3333 551
1000 3300 1013 3333 :
1065 3282 1350 3334 ‹Versauti

331 3361 510 3434 potior
552 3362 642 3414 vix
683 3362 796 3413 hoec
834 3360 1094 3413 sententia
1134 3359 1272 3413 sedit
1291 3388 1316 3406 ι»
1334 3400 1351 3425 ,

331 3442 424 3493 ubi
438 3442 566 3493 sedit
577 3452 656 3493 est
670 3481 686 3506 ‚
707 3440 908 3512 placuit
925 3440 1179 3493 sententia
1197 3477 1213 3502 ,
1230 3458 1355 3492 con-

331 3520 508 3572 silium
531 3518 699 3590 cepit:
723 3520 800 3571 ita
821 3524 996 3571 sedere
1015 3516 1159 3591 apud
1176 3519 1353 3572 Valer.

335 3599 414 3650 Fi.
445 3598 501 3663 1,
537 3600 633 3666 178
664 3618 676 3652 :
709 3625 733 3644 α
753 3598 809 3650 Si
838 3599 1072 3669 primos,
1113 3596 1250 3650 duce
1271 3610 1356 3663 te,

333 3676 546 3731 virtutis
572 3674 800 3730 honores
824 3678 1083 3747 Carpere,
1111 3677 1355 3730 fraterna

334 3756 518 3810 sedeat
537 3774 838 3809 accrescere
864 3758 1022 3810 famo
1041 3782 1061 3802 ι
1080 3795 1096 3820 ,
1124 3758 1214 3810 ubi
1243 3756 1358 3810 vide

335 3836 414 3888 Pii
435 3846 588 3889 notas
607 3854 623 3897 ς
648 3835 772 3888 licet
793 3834 851 3888 id
875 3836 964 3889 alii
981 3837 1036 3889 in
1064 3840 1108 3888 si
1127 3840 1214 3888 des
1237 3854 1357 3889 mu·

335 3914 584 3980 taverint3
605 3914 698 3967 sed
721 3916 944 3969 alterum
971 3916 1024 3968 in
1045 3916 1251 3989 scriptis
1274 3936 1358 3971 co·

336 3994 544 4048 dicibus
567 4014 678 4048 esse
703 4007 847 4048 notat
867 3995 1130 4050 Heinsius.
1143 3997 1259 4049 Lib.
1279 3997 1358 4060 11,

341 4076 438 4126 382
470 4092 484 4127 :
515 4098 537 4121 ι
559 4074 615 4127 Si
635 4075 782 4128 sedet
806 4076 975 4148 AEgoei
992 4077 1240 4148 scopulos
1266 4076 1360 4128 ha-

337 4154 510 4207 bitare
535 4152 786 4225 profundi
812 4180 834 4201 ι
858 4153 984 4209 :sed
1009 4158 1140 4208 cedit
1157 4168 1362 4212 senten-

1435 1858 1505 1910 tia
1524 1894 1540 1920 ,
1558 1874 1678 1929 quie
1698 1875 1755 1909 se
1774 1855 1915 1908 vinci
1943 1874 2004 1908 ac
2030 1848 2332 1926 persuaderi
2354 1871 2450 1925 pa-

1432 1939 1581 1992 titur:
1593 1947 1653 1990 ut
1662 1941 1835 1988 cedere
1853 1935 2153 2004 repugnanti
2164 1931 2323 1987 ovid.
2339 1933 2448 1984 Art.

1431 2019 1550 2071 Am.
1579 2019 1637 2070 11
1657 2056 1672 2081 ,
1702 2035 1801 2087 197
1818 2055 1833 2078 ,
1856 2017 1931 2068 ita
1958 2020 2131 2067 cedere
2149 2033 2247 2087 pro
2273 2035 2450 2067 conce-

1432 2100 1579 2164 dere,
1610 2097 1937 2168 permittere3
1976 2095 2046 2148 dc
2068 2112 2175 2166 quo
2198 2093 2306 2146 vid.
2332 2112 2451 2165 quoe

1431 2176 1704 2231 adnotavit
1715 2175 1981 2230 Bentleius
2002 2174 2071 2228 ad
2086 2174 2268 2229 Horat.
2283 2173 2449 2246 Epist.

1431 2257 1507 2323 11,
1532 2276 1579 2321 1,
1606 2260 1693 2326 67.

1506 2338 1591 2389 81.
1613 2341 1739 2386 Dum
1746 2339 1929 2403 pelago
1951 2336 2151 2386 desa-vie
2168 2336 2337 2393 hiems,
2363 2337 2450 2385 mi·

1433 2433 1595 2465 serere
1612 2417 1830 2482 parente]
1854 2434 1873 2465 .-
1906 2414 1983 2466 sic
2011 2414 2067 2465 in
2094 2432 2190 2467 sua
2218 2410 2451 2466 editione

1432 2492 1724 2547 Scriverius
1747 2512 1763 2555 ;
1792 2504 2043 2563 corrupte
2056 2492 2197 2544 enim
2220 2492 2276 2543 in
2300 2492 2455 2545 sche-

1433 2570 1517 2624 dis
1558 2570 1891 2624 Salmasianis
1948 2597 1972 2615 ι-
2003 2570 2207 2625 desevit
2265 2572 2452 2643 hyems

1435 2662 1543 2703 tem
1564 2650 1813 2703 miserere
1836 2666 1879 2713 ²3
1907 2648 2050 2702 unde
2070 2650 2126 2701 in
2147 2649 2269 2703 cod.
2301 2651 2452 2704 Leid.

1435 2733 1601 2795 hyems
1627 2731 1757 2780 item.

1509 2809 1594 2861 82.
1623 2812 1686 2858 Ee
1716 2825 1805 2858 nos
1838 2810 2046 2874 aliquod
2068 2826 2344 2873 nomenque
2369 2813 2451 2858 de-

1435 2908 1621 2955 cusque
1648 2890 1920 2946 Gessimus,
1958 2901 2008 2936 ec
2023 2890 2119 2937 scis
2146 2890 2270 2953 ipse,
2298 2907 2457 2955 neque

1436 2982 1511 3020 est
1528 2982 1577 3017 te
1590 2968 1775 3029 fallere
1801 2968 2070 3034 quidquam
2097 2986 2114 3015 .·
2142 2964 2214 3018 ita
2242 2965 2356 3019 baec
2386 2967 2454 3019 de

1437 3046 1652 3119 ingenio
1704 3066 1803 3101 suo
1842 3044 2133 3099 Scriverius
2178 3044 2413 3098 exhibuit
2440 3064 2452 3097 :

1435 3144 1559 3179 nam
1578 3126 1633 3179 in
1647 3125 1829 3179 codice
1846 3125 2172 3178 Salmasiano
2191 3128 2457 3191 Gessimus,

1439 3212 1534 3260 scis
1551 3212 1653 3275 ipse
1668 3227 1826 3275 neque
1840 3221 1912 3258 est
1924 3243 1939 3269 ‚
1955 3218 2055 3258 etc.
2076 3205 2295 3258 inseruit
2308 3206 2453 3259 enim

1439 3287 1683 3358 copulam
1715 3299 1789 3349 ec,
1818 3284 2017 3349 minus,
2042 3285 2098 3336 ni
2124 3283 2294 3351 fallor,
2318 3304 2445 3338 cou-

1439 3366 1622 3427 cinne,
1662 3366 1787 3437 quia
1821 3363 1982 3417 modo
2010 3364 2272 3434 praecessit
2295 3380 2343 3416 et
2363 3388 2453 3418 nos

1439 3449 1649 3512 aliquod
1669 3464 1966 3511 nomenque,
1998 3454 2096 3496 etc.
2120 3462 2183 3496 ex
2208 3449 2329 3499 ΑΕΗ.
2368 3447 2427 3498 11
2442 3484 2461 3509 ,

1442 3526 1511 3591 89
1536 3545 1552 3578 :
1601 3522 1733 3575 mihi
1778 3542 1841 3574 ex
1867 3521 2053 3574 ultima
2076 3522 2279 3595 syllaba
2316 3524 2458 3579 vocis

1443 3606 1687 3655 Gessimus
1714 3602 1946 3673 placeret
1963 3639 1979 3664 ‚
2006 3616 2059 3651 ue
2088 3604 2180 3653 sce's
2208 3606 2330 3673 ipse.
2356 3610 2457 3661 De-

1443 3694 1647 3753 sumpta
1669 3682 1785 3734 hoec
1806 3696 1929 3735 sunt
1954 3700 2021 3733 ex
2038 3680 2227 3755 Georg.
2244 3684 2336 3737 lib.
2360 3685 2459 3751 lv,

1445 3768 1548 3833 447
1578 3780 1592 3813 :
1634 3761 1800 3822 «Scis,
1818 3760 2010 3813 Proteu
2027 3800 2041 3823 ,
2064 3762 2162 3814 scis
2186 3762 2297 3835 ipse
2319 3783 2333 3817 :
2364 3784 2457 3817 ue-

1444 3860 1551 3914 que
1564 3850 1645 3893 est
1659 3849 1709 3892 te
1731 3838 1912 3892 fallere
1924 3840 2171 3911 cuiquam
2186 3868 2231 3906 n,
2246 3854 2306 3895 ut
2318 3862 2463 3896 nunc

1445 3920 1622 3974 editur
1659 3918 1713 3970 in
1739 3918 1964 3989 vulgatis
1995 3938 2007 3971 τ
2049 3918 2194 3973 unde
2218 3920 2462 3977 Heinsius

1449 4003 1706 4068 quiquam,
1732 3996 1788 4050 id
1812 4010 1906 4064 est,
1931 4002 2174 4067 cuiquam,
2193 3999 2315 4071 quia
2338 4002 2465 4054 Vir-

1447 4078 1633 4150 gilium
1662 4081 1747 4145 qui
1782 4096 1885 4149 pro
1913 4082 1995 4129 cue·
2020 4078 2287 4149 scripsisse
2315 4091 2469 4135 testa-

1447 4168 1541 4210 tur
1556 4156 1945 4222 Quintilianus:
1970 4160 2195 4225 cuiquam
2214 4170 2291 4213 est
2311 4160 2365 4214 in
2386 4162 2469 4216 cd.
