2964 4690
770 405 1373 474 ELEGIARUM
1408 405 2037 477 *MAXIMIANL
2313 409 2472 481 ·165

346 534 609 624 quidem
632 582 651 614 ,
692 534 997 621 impressa
1046 534 1320 599 videtur.
1362 535 1528 598 Nam
1574 534 1643 597 in
1687 558 1766 599 eo
1815 534 2038 600 codice
2074 538 2284 624 primo
2324 540 2468 605 loco

344 657 501 705 sunt
554 639 745 702 Plinii
800 640 1100 727 Epistolae
1151 640 1598 727 manuscriptae
1639 663 1673 703 a
1725 640 2006 729 Georgio
2053 642 2250 707 Breuz
2293 668 2467 709 anno

354 750 519 833 1477
541 796 558 821 ,
596 762 660 809 et
692 746 759 809 in
791 746 962 809 calce
993 744 1332 825 adjunctus
1367 746 1529 809 liber
1556 745 1653 809 Jo.
1693 748 1974 810 Boccacii
2002 747 2082 811 de
2109 749 2291 813 claris
2319 770 2464 815 mu-

273 910 284 915 -
342 851 640 932 lieribus,
688 851 1039 938 impressus
1080 852 1283 915 Ulmae
1324 874 1437 938 per
1478 851 1790 915 Ioannem
1843 852 2102 916 Czee'ner
2139 853 2222 919 de
2279 857 2463 920 Reat-

342 955 596 1043 lingen,
641 979 815 1019 anno
867 955 1055 1044 1473.
1097 956 1441 1043 Inscriptio
1480 955 1677 1019 libelli
1711 972 1807 1022 est
1831 980 1848 1020 τ
1873 988 1896 1012 ι
1925 957 2290 1023 Maximiani
2316 960 2464 1047 phi-

344 1061 602 1149 losophi
634 1077 829 1149 atque
864 1061 1133 1124 oratoris
1167 1060 1498 1124 clarissimi
1522 1060 1730 1124 ethica
1755 1061 1962 1125 suavis
1987 1079 2050 1126 et
2071 1064 2464 1150 pel'jocunda

340 1167 583 1254 lncipit'
606 1167 874 1231 feliciter
897 1198 943 1230 υ.
976 1166 1150 1231 Finis
1188 1165 1385 1230 libelli
1421 1188 1645 1230 versus
1683 1182 1963 1255 quatuor
1999 1169 2240 1233 alienos
2262 1218 2280 1250 ‚
2317 1194 2462 1233 eos-

338 1296 471 1360 que
505 1273 795 1354 vitiosos,
836 1272 1031 1337 habet
1070 1272 1443 1354 adjunctoS‚
1476 1296 1514 1336 e
1553 1290 1742 1361 poeta
1775 1274 1993 1339 nescio
2032 1298 2164 1364 quo
2201 1277 2330 1341 huc
2365 1292 2460 1341 te-

337 1402 517 1443 mere
548 1379 751 1444 illatos
776 1403 792 1444 τ

622 1531 836 1585 Praemia
865 1542 941 1584 tot
966 1531 1144 1585 ἴοι-ωε
1168 1550 1412 1585 numeres
1434 1532 1552 1605 quis
1577 1550 1704 1585 voce
1722 1532 1952 1598 fatenda,

684 1618 949 1690 Quodque
970 1630 1142 1689 potest
1168 1618 1350 1673 laudes
1376 1619 1554 1672 dicere
1580 1619 1760 1691 lingua
1784 1631 1916 1673 tuas.

612 1706 867 1771 Quamvis
891 1706 1107 1759 nocivas
1133 1705 1403 1760 intendere
1426 1706 1604 1759 dicere
1628 1726 1785 1761 voces
1800 1748 1816 1775 ,

686 1793 991 1847 Destituant
1016 1794 1177 1848 verba
1204 1805 1387 1865 pectus
1413 1793 1598 1847 hunela
1623 1812 1801 1847 meum
1818 1798 1912 1864 (ι).

330 1960 832 2048 subjunguntur
861 1960 931 2023 1⁰
958 1960 1375 2049 Epitaphium
1402 1961 1650 2025 Nicolai
1675 1962 1860 2050 Papae
1879 1961 1932 2022 V
1956 1985 1993 2025 a
2018 1962 2311 2051 Maphoeo
2327 1966 2456 2029 Ve-

332 2066 441 2155 gio
454 2064 547 2153 (a)
565 2082 749 2153 poeta
770 2064 1091 2129 Laudensi
1110 2064 1355 2130 editum
1376 2089 1395 2147 3
1422 2064 1496 2129 2⁰
1515 2067 1818 2155 Epitaph.
1840 2067 2116 2156 Eugenii
2141 2068 2321 2155 Papae
2340 2071 2452 2152 IV;

334 2169 412 2233 3⁰
440 2170 854 2259 Epitaphium
892 2170 1216 2234 Laurentii
1247 2170 1328 2235 de
1352 2167 1576 2253 Valla,
1609 2189 1815 2259 poetae
1837 2188 2034 2259 atque
2052 2175 2324 2237 >oratoris
2355 2174 2450 2237 fa-

331 2275 709 2358 mosissimi3
747 2273 822 2354 4⁰
854 2276 1269 2366 Epitaphium
1304 2275 1514 2341 Ovidii
1546 2282 1752 2364 poe'tae
1779 2300 1796 2340 ε
1829 2276 1948 2341 lile
1979 2300 2096 2366 ego
2119 2326 2138 2358 ,
2171 2278 2451 2368 quifiae-

328 2405 471 2444 ram
489 2429 511 2462 ,
558 2396 717 2464 etc.;
766 2379 839 2445 5⁰
870 2383 1281 2471 Epigramma
1332 2381 1676 2446 ridiculum
1713 2406 1728 2444 :
1785 2384 2056 2474 Deverac
2101 2387 2455 2471 agricolam
2531 2435 2544 2446 .

328 2511 487 2568 mx,
524 2504 645 2568 etc.
693 2489 933 2552 Praeter
968 2488 1081 2554 has
1126 2486 1285 2552 duas
1332 2487 1703 2552 Maximiani
1753 2486 2070 2554 editiones
2109 2491 2324 2555 nescio
2369 2515 2452 2556 an

326 2593 447 2658 alia
472 2593 708 2656 saeculo
742 2594 861 2658 XV
897 2608 1173 2656 exeunte
1200 2591 1535 2681 prodierit.
1570 2593 1738 2658 Nam
1779 2593 1963 2658 initio
2003 2595 2216 2660 statim
2239 2595 2454 2660 saeculi

326 2700 657 2786 sequentis
693 2716 967 2787 sequuta
1002 2715 1101 2763 est
1136 2699 1477 2786 Pomponii
1515 2698 1810 2780 Gaurici,
1845 2699 2282 2786 Neapolitani,
2309 2724 2453 2764 cor-

325 2819 521 2890 rupta
546 2820 610 2867 et
640 2805 835 2866 Corn.
878 2802 1065 2866 Gallo
1098 2800 1427 2890 supposita
1450 2801 1648 2865 editio
1665 2849 1682 2882 ,
1709 2801 1893 2880 cujus
1920 2803 2147 2894 titulus
2176 2806 2450 2891 perscri-

324 2908 541 2972 bitur:
580 2908 852 2974 Cometa
876 2906 1059 2972 Galli
1057 2906 1445 2996 fragmenta
1464 2954 1486 2986 ‚
1516 2931 1640 2994 per
1655 2907 2120 2972 Bernardimcm
2147 2909 2452 2984 Venetam

323 3015 407 3077 de
440 3015 507 3076 V
504 3013 779 3078 italibus.
832 3015 900 3076 V
892 3025 1051 3076 anet.
1096 3011 1252 3078 1501
1284 3061 1303 3093 ,
1346 3011 1449 3075 die
1491 3011 1637 3074 XII
1672 3014 1980 3077 Ianuarii.
2025 3015 2180 3080 Haec
2217 3012 2448 3095 editio,

324 3143 471 3208 quae
498 3119 817 3184 rarissima
851 3135 984 3200 est,
1021 3120 1287 3184 Lutetiae
1322 3119 1390 3181 in
1425 3119 1660 3207 pluteis
1695 3119 1882 3207 regiis
1915 3135 2226 3200 servatur,
2257 3123 2450 3184 exsti-

324 3227 536 3313 titque
572 3225 639 3288 in
670 3225 1056 3289 bibliotheca
1084 3224 1461 3306 Heinsiana,
1497 3241 1570 3288 ut
1607 3225 1840 3314 legitur
1877 3226 1945 3287 in
1986 3225 2122 3304 ejus
2154 3241 2321 3312 part.
2353 3229 2450 3304 11,

322 3353 469 3420 pag.
498 3327 603 3417 75.
631 3329 913 3394 Alterius
946 3328 1247 3394 editionis
1270 3329 1531 3411 Venetae
1563 3329 1716 3393 anni
1762 3327 1925 3393 1503
1948 3331 2270 3417 exemplar
2298 3354 2449 3396 cum

324 3435 657 3500 codicibus
671 3436 899 3524 Msptis
914 3436 1215 3500 collatum
1231 3451 1521 3498 recenset
1538 3435 1795 3498 Paullus
1812 3432 2235 3516 ColomesiuS,
2253 3436 2448 3526 Oper.

321 3565 391 3631 p.
412 3541 533 3630 891
562 3591 583 3624 ,
614 3543 781 3607 inter
814 3542 1013 3606 libros
1046 3543 1129 3606 Is.
1155 3542 1365 3606 Vossii
1384 3588 1403 3622 ,
1432 3541 1546 3628 qui
1581 3556 1804 3628 postea
1827 3540 2222 3608 transierunt
2241 3542 2308 3605 in
2337 3565 2452 3629 pu·

393 3748 471 3815 (1)
506 3747 577 3800 Hi
614 3759 842 3820 quatuor
866 3767 1045 3803 versus
1070 3750 1253 3821 paullo
1279 3747 1622 3815 correctiores
1644 3785 1660 3812 ,
1699 3760 1858 3820 atque
1889 3751 2045 3802 etiam
2073 3763 2303 3822 quatuor
2331 3751 2448 3804 aliis

317 3834 579 3888 auctiores
602 3837 797 3906 pariter
821 3836 1171 3908 subjiciuntur
1198 3835 1370 3889 codici
1390 3836 1678 3900 vossiano,
1705 3839 1856 3909 cnjus
1883 3837 2214 3891 collationem
2246 3837 2416 3890 habeo
2432 3879 2449 3902 ,

318 3935 437 3976 tum
480 3923 637 3976 etiam
686 3925 1083 3996 Luneburgensi
1134 3925 1349 3978 Niclasii
1366 3964 1382 3989 ,
1425 3943 1562 3998 quos
1609 3939 1784 3977 tamen
1829 3925 1917 3978 hic
1963 3945 2134 3998 neque
2169 3939 2412 4000 repetere
2429 3965 2446 3991 ,

312 4031 499 4084 neque
520 4011 803 4069 emendare
828 4031 997 4084 operae
1020 4013 1245 4084 pretium
1270 4015 1468 4085 putavi.
1501 4043 1574 4056 -
1590 4012 1714 4066 vid.
1741 4014 1864 4068 infr.
1897 4033 1946 4086 p.
1969 4016 2085 4084 ¹73·
2120 4015 2224 4068 En.

394 4114 475 4183 (α)
510 4115 589 4166 De
612 4111 853 4183 Maphxm
866 4113 1035 4183 Vegio
1054 4111 1161 4168 vid.
1180 4111 1363 4184 virgil.
1383 4125 1522 4167 nost.
1541 4111 1622 4166 ed.
1645 4125 1683 4166 t.
1712 4111 1809 4180 lv,
1837 4131 1891 4184 p.
1917 4111 2032 4175 405.
2062 4111 2163 4166 Eo.
