2964 4690
514 349 612 445 96

1274 346 1887 416 PALLADIUS

611 461 768 542 N‘on
812 491 1011 563 segne
1040 466 1340 538 officium
1377 481 1625 537 nostrae
1666 491 1819 536 reor
1851 489 1991 537 esse
2035 469 2345 537 Camenae
2366 519 2385 554 ‚

710 581 850 649 Aut
886 577 1106 672 operis
1147 577 1334 672 parvi
1363 579 1587 673 'gratia
1632 576 1749 646 fiet
1781 577 2003 672 inops,

617 690 688 760 Si
728 687 972 758 velocis
1013 712 1200 781 equae
1237 688 1434 783 pigro
1478 689 1792 758 miscetur
1826 687 2027 758 asello

711 798 956 884 Ardor,
989 813 1066 867 ut
1101 799 1170 866 in
1205 797 1495 868 sterilem
1534 823 1637 869 res
1674 798 1868 868 eadat
1904 813 2053 868 aeta
2090 796 2409 892 gradum,
2606 815 2658 854 ³0

614 909 1130 1003 Fecundumque
1167 933 1378 1004 genus
1415 908 1785 1004 productus
1826 907 2041 978 deleat
2074 908 2315 994 haerae,

713 1023 803 1090 Et
835 1018 960 1088 sibi
999 1017 1331 1088 defectum
1366 1019 1563 1114 copia
1599 1017 1806 1113 prolis
1844 1033 2043 1113 agat:

617 1132 761 1200 Cur
788 1151 926 1196 non
963 1127 1166 1198 arbor
1193 1128 1388 1223 inops
1423 1129 1815 1224 pinguescat
1840 1129 1926 1196 ab
1954 1126 2215 1219 hospite
2242 1149 2501 1220 gemma
2524 1179 2544 1213 ‚

713 1241 800 1308 Et
835 1237 1036 1308 decus
1069 1238 1324 1308 externi
1357 1237 1543 1307 floris
1578 1237 1819 1332 adepta
1850 1231 2095 1305 micet?

619 1348 946 1442 Incipiam
969 1399 990 1434 ‚
1031 1347 1362 1442 quidquid
1395 1361 1651 1417 veteres
1694 1347 2015 1442 scripsere
2054 1345 2305 1434 coloni,
2610 1367 2663 1406 ³5

721 1461 1056 1551 Sacraque
1089 1459 1462 1552 priscorum
1504 1457 1706 1526 verba
1748 1455 1975 1526 labore
2018 1479 2275 1550 sequar.

1309 1593 1340 1622 *
1488 1594 1519 1625 ’e-

537 1777 675 1814 cere.
701 1755 890 1826 virgil.
923 1756 1044 1808 AEn.
1061 1755 1134 1820 V,
1161 1757 1260 1826 705
1291 1775 1308 1810 :
1345 1780 1370 1804 ι
1391 1756 1559 1809 Pallas

537 1839 714 1904 Quem
757 1834 940 1888 docuit
985 1834 1261 1906 multaque
1303 1833 1556 1906 insignem

537 1914 769 1972 reddidit
791 1925 902 1966 erte
919 1938 959 1965 n.

611 1995 699 2049 30.
731 1997 794 2044 tle
814 1994 864 2044 iu
903 1993 1113 2044 sterilem
1140 2011 1217 2042 res
1257 1995 1414 2042 cadat
1445 2006 1563 2043 aem

535 2079 768 2145 gradum.
827 2069 1295 2142 Impeditis-«simum
1349 2088 1563 2123 sensnm

542 2155 701 2226 hujus
740 2149 991 2206 versiculi
1028 2148 1152 2201 fecit
1187 2149 1450 2220 imperitia
1484 2147 1564 2201 di-

539 2231 694 2286 cendi
715 2241 766 2282 et
788 2227 1021 2282 difficilis
1037 2245 1173 2282 vena
1200 2241 1364 2299 poetae
1379 2227 1563 2282 nostri.

543 2318 638 2365 Res
657 2324 802 2377 acta,
829 2326 936 2363 non
965 2319 1043 2361 est
1071 2306 1322 2375 dubium,
1346 2306 1476 2379 quin
1497 2307 1566 2361 si·

544 2392 755 2465 gnificet
771 2387 1115 2441 admissuram
1129 2387 1262 2441 asini
1274 2387 1344 2441 ad
1355 2405 1568 2459 equam,

544 2473 656 2526 sive
711 2468 768 2521 id
817 2467 1025 2539 ipsum,
1067 2465 1212 2537 quod
1252 2478 1374 2519 ante
1406 2466 1568 2534 dixit,

547 2547 762 2623 quando
797 2549 954 2599 asello
1004 2548 1236 2619 miscetur
1273 2565 1423 2613 equa.
1463 2544 1569 2599 Sed

549 2648 647 2702 per
678 2628 892 2697 gradum
923 2624 1050 2697 quin
1077 2623 1388 2696 intelligeret
1414 2642 1573 2695 expe-

554 2708 708 2762 titum
733 2703 924 2770 mulae,
965 2722 1033 2757 ex
1059 2703 1158 2757 hac
1189 2704 1416 2757 mixtura
1443 2722 1569 2776 pro-

549 2798 736 2855 creatm
752 2826 768 2850 ,
816 2782 1112 2836 molliorem
1164 2781 1386 2855 gradum
1400 2824 1416 2849 ,
1461 2784 1573 2837 sive

549 2862 954 2919 moderatiorem
979 2880 1190 2933 passum
1209 2902 1226 2929 ,
1263 2861 1363 2915 sibi
1390 2857 1575 2915 cavere

551 2963 659 2998 non
684 2942 856 3013 potuit
877 2942 1028 3013 Bapt.
1051 2941 1202 3007 Pius,
1221 2940 1413 2995 Adnot.
1435 2951 1573 3012 post.

554 3041 672 3093 cap.
691 3020 783 3080 35,
811 3030 861 3071 et
876 3056 892 3081 ,
917 3020 1008 3089 qui
1038 3038 1100 3071 ex
1121 3030 1274 3091 parte
1301 3019 1579 3082 consentit,

553 3102 836 3153 Gesner-us.
875 3099 943 3151 Et
980 3108 1158 3149 tamen
1203 3096 1309 3151 hoc
1353 3097 1582 3151 admisso

554 3175 822 3249 quomodo
853 3178 1028 3227 sterilis
1055 3174 1307 3247 adpellari
1345 3176 1434 3229 ille
1459 3196 1580 3247 gra-

557 3261 650 3308 dus
685 3255 877 3325 possit,
917 3253 1136 3308 difficile
1179 3253 1442 3325 explicatu
1476 3266 1575 3309 est.

557 3332 1018 3406 Expeditissimum
1047 3346 1123 3387 est
1141 3372 1158 3399 ,
1196 3335 1269 3401 si,
1297 3333 1446 3406 quod
1465 3334 1579 3407 ipse

553 3413 818 3467 Gesnerus
840 3412 1054 3466 demum
1081 3414 1298 3467 observa
1306 3425 1346 3480 t,
1363 3418 1581 3483 gradum

556 3492 908 3562 intelligamus
933 3491 1001 3543 de
1023 3494 1320 3560 nativitate,
1342 3493 1425 3545 vel
1441 3494 1585 3565 geni·

557 3582 697 3634 tura,
721 3570 831 3623 sive
851 3568 918 3621 de
937 3588 1023 3633 eo,
1037 3589 1195 3642 quem
1221 3590 1342 3625 mox
1357 3576 1583 3625 heredem

561 3662 613 3703 et
648 3654 833 3719 prolem
871 3648 1000 3701 dicit
1015 3658 1118 3719 ,set
1155 3651 1208 3703 in
1239 3670 1398 3722 quem
1426 3652 1581 3723 quasi

558 3728 752 3801 gradus
791 3740 841 3780 et
883 3728 1177 3799 progressio
1213 3730 1273 3781 fit
1297 3730 1584 3801 generatio-

559 3808 659 3861 nis.
697 3808 782 3863 Sic
813 3808 950 3860 enim
975 3824 1004 3858 a
1023 3808 1405 3879 jurisconsultis
1423 3809 1582 3863 etiam

557 3890 749 3955 gradus
802 3885 1088 3940 nativitatis
1141 3896 1192 3939 et
1252 3888 1587 3960 cognationis

561 3964 844 4038 adpellari,
865 3976 1048 4017 notum
1067 3976 1172 4027 est,
1197 3976 1248 4018 et
1271 3966 1382 4038 ipse
1402 3979 1586 4021 auctor

563 4064 714 4098 versu
745 4048 812 4114 98
843 4042 1020 4099 denuo
1047 4044 1152 4097 hoc
1175 4063 1332 4099 sensu
1365 4064 1587 4117 usurpa·

1666 1592 1695 1622 ἰ
1842 1591 1877 1625 ἢ

1647 1757 1743 1810 vit.
1776 1756 1945 1828 Igitur
1965 1757 2249 1812 verborum
2280 1759 2334 1808 in
2360 1757 2568 1809 sterilem
2591 1777 2667 1809 res

1648 1839 1806 1886 cadat
1838 1849 1956 1886 acta
1986 1839 2202 1904 gradum
2236 1833 2325 1888 hic
2348 1853 2529 1891 sensus
2556 1846 2667 1888 est:

1648 1914 1763 1967 Hae
1798 1913 2088 1968 admissura
2123 1931 2271 1986 equoe
2310 1924 2359 1967 et
2396 1915 2527 1967 asini
2556 1933 2671 1968 eve·

1648 1993 1727 2045 nit
1741 2032 1757 2056 ,
1794 2005 1855 2045 ut
1878 1993 2051 2064 proles
2068 1992 2193 2046 inde
2216 2005 2337 2046 nata
2366 1992 2555 2046 sterilis
2576 1995 2670 2060 sit,

1648 2089 1747 2124 nee
1778 2071 2005 2142 amplius
2034 2089 2285 2142 generare
2312 2071 2496 2144 possit.
2535 2073 2671 2126 Uni-

1650 2169 1799 2204 verse
1844 2149 2079 2216 Plinius,
2112 2151 2255 2204 VIII
2276 2191 2319 2216 ,.
2342 2157 2409 2216 44
2428 2191 2445 2217 ,
2492 2171 2534 2206 s.
2566 2155 2673 2220 69,

1652 2228 1897 2282 adfirmat
1916 2266 1933 2292 ,
1960 2248 2119 2301 «quo
2148 2248 2181 2283 e
2212 2229 2420 2283 duobus
2458 2229 2677 2284 diversis

1651 2308 1931 2381 generibus
1957 2319 2080 2363 nata
2108 2309 2214 2363 sint
2248 2309 2494 2363 animalia
2518 2350 2535 2374 ,
2565 2327 2675 2363 non

1653 2389 1869 2461 gignere
1891 2408 1906 2442 ε
1946 2388 2149 2443 idcirco
2202 2388 2374 2442 mulas
2426 2407 2536 2441 non
2590 2406 2679 2460 pa·

1654 2488 1773 2523 rere
1784 2495 1828 2521 n,

1728 2550 1815 2603 32.
1853 2553 1919 2599 Et
1954 2550 2047 2601 siba·
2074 2549 2315 2613 defeceram
2352 2551 2497 2616 copia
2522 2550 2679 2616 prolis

1656 2642 1809 2697 agat,
1839 2640 1890 2681 et
1916 2640 1977 2681 ut
2002 2628 2182 2699 prole,
2199 2627 2442 2699 quamvis
2464 2626 2681 2698 copiose

1656 2707 2023 2781 proveniente,
2074 2706 2209 2759 nihil
2256 2718 2445 2779 agatur
2492 2704 2639 2758 aliud
2662 2746 2679 2771 ,

1660 2804 1818 2859 quam
1840 2798 1900 2839 ut
1918 2786 2091 2857 ipsum
2105 2804 2272 2857 genus
2282 2784 2512 2839 deficiat.
2523 2790 2681 2853 Agat,

1661 2878 1723 2919 ut
1744 2864 1905 2918 modo
1931 2882 2009 2917 res
2036 2878 2170 2917 acta.

1736 2945 1825 2999 33.
1848 2948 1945 2997 Gur
1958 2963 2059 2995 non
2076 2944 2225 2995 arbor
2236 2945 2397 3010 inops.
2433 2938 2686 3007 Perinde,

1666 3037 1729 3079 ut
1748 3025 1840 3077 hic
1863 3042 1985 3077 cum
2018 3024 2180 3077 mixto
2200 3022 2332 3076 esini
2348 3034 2399 3075 et
2416 3040 2565 3094 eque
2592 3038 2685 3091 ge·

1668 3122 1795 3171 nere
1820 3103 1910 3168 fit,
1936 3103 2096 3155 olitor
2124 3102 2273 3173 apud·
2304 3102 2553 3173 Calpur-n.
2586 3100 2649 3151 11
2669 3136 2686 3161 ‚

1665 3183 1733 3236 36
1762 3198 1871 3251 seq.
1908 3180 2206 3233 insitionem
2246 3191 2523 3253 comparat
2558 3196 2685 3232 enm

1665 3272 1778 3315 arte
1801 3259 2027 3331 pastoris
2046 3296 2063 3320 ,
2087 3278 2116 3312 e
2130 3260 2284 3331 nigro
2304 3260 2467 3313 ariete
2488 3269 2541 3311 et
2556 3257 2685 3311 alba

1664 3358 1765 3393 ove
1773 3336 2139 3392 versicolorem
2150 3357 2345 3409 egnum
2355 3336 2688 3411 procreandi.

1670 3422 1745 3461 -ἱ
1783 3422 1863 3470 Ab
1914 3420 2101 3487 hospite
2140 3438 2360 3486 gemma.
2404 3417 2689 3488 Propterea

1670 3496 1815 3567 quod
1836 3509 1913 3551 est
1932 3498 2130 3569 species
2152 3497 2411 3551 insitionis
2424 3534 2442 3562 ,
2462 3514 2581 3567 quse
2596 3514 2691 3548 vo·

1671 3588 1825 3629 entur
1864 3575 2173 3630 inoculatio.
2199 3576 2463 3629 Ceterum
2492 3592 2692 3644 gemma

1672 3655 1889 3727 proprie
1914 3655 2103 3709 vitium
2144 3669 2253 3721 est,
2296 3656 2433 3709 sicut
2454 3658 2585 3706 oculi
2608 3671 2694 3705 nr·

1670 3736 1861 3788 borum
1884 3752 1900 3787 :
1922 3748 2112 3789 auctor
2130 3735 2347 3788 Plinius.
2364 3734 2536 3787 (ἴω.

1744 3814 1830 3867 36.
1868 3818 2121 3882 Sacraque
2170 3818 2438 3883 priscorum
2500 3815 2655 3865 verba
2674 3852 2687 3867 .

1673 3893 1800 3965 quia
1826 3891 1882 3945 in
1908 3892 2113 3947 honore
2134 3905 2255 3947 sunt
2270 3930 2287 3955 ‚
2326 3904 2379 3946 et
2400 3904 2581 3947 sancte
2604 3892 2698 3943 ob-

1672 3972 1871 4043 servari
1908 3972 2105 4039 solent,
2140 3992 2257 4044 qua
2290 3972 2359 4025 ab
2384 3971 2615 4042 antiquis
2646 3984 2701 4022 et

1676 4049 1966 4121 majoribus
2007 4051 2197 4105 tradita
2236 4062 2391 4117 sunt,
2427 4062 2477 4103 et
2520 4050 2703 4101 omnis
