2964 4690
724 406 863 473 AD
914 404 1397 473 SYMPOSII
1450 401 2010 472 AENIGMATA.
2135 372 2140 382 ’
2297 416 2442 490 299

316 538 731 623 Quamquam
766 556 923 599 vero
950 552 1098 600 aetas
1130 536 1269 617 ejus
1304 534 1634 623 scriptoris
1673 546 1854 598 certo
1893 528 2148 597 definiri
2183 526 2410 614 nequit
2423 572 2442 605 ,

314 640 383 705 id
412 656 631 705 tamen
666 640 847 705 facile
878 641 1039 705 mihi
1066 640 1423 729 persuadeo
1438 688 1456 723 ‚
1493 641 1728 705 soeculo
1753 652 2146 727 quartofnon
2177 632 2446 697 inferio·

312 768 453 811 rem
482 768 643 811 esse.
684 748 847 830 Qnoe
874 746 1153 812 subinde
1183 748 1538 837 singulares
1571 746 1886 810 dictiones
1918 759 1983 807 et
2015 740 2348 818 formulas,
2381 753 2446 800 et

316 852 429 940 qui
460 853 680 941 lapsus
716 852 1043 942 prosodiei
1076 870 1430 918 occurrunt
1448 901 1465 936 ,
1503 874 1640 916 non
1680 866 1834 917 sunt
1874 872 1948 913 ea
1987 843 2338 929 ejusmodi,
2371 858 2448 907 ut

312 972 649 1022 auctorem
688 958 773 1022 ad
810 957 1145 1024 deterioris
1187 960 1305 1023 aevi
1343 958 1770 1047 stribliginem
1815 954 2088 1037 dejicere
2127 950 2409 1017 debeant
2428 996 2446 1027 ,

315 1064 477 1151 quin
544 1065 764 1153 potius
837 1064 1181 1130 idiotismis
1204 1114 1223 1147 ,
1286 1065 1526 1154 quibus
1589 1084 1710 1128 nec
1772 1063 1877 1131 alii
1933 1062 2278 1148 scriptores
2339 1076 2447 1119 ca·

314 1184 499 1251 rent,
524 1170 847 1235 accenseri
867 1217 885 1252 ‚
922 1193 1089 1259 saepe
1130 1172 1321 1235 etiam
1358 1170 1704 1235 meliorum
1735 1169 2126 1256 scriptorum
2153 1160 2450 1249 exemplo

315 1290 385 1338 et
434 1276 821 1341 auctoritate
886 1274 1150 1342 defendi
1207 1292 1467 1366 queant.
1531 1274 1951 1340 Occasionem
2012 1265 2450 1337 concinnandi

314 1378 514 1459 hujus
552 1381 967 1470 aenigmatum
1010 1382 1207 1447 libelli
1252 1398 1481 1447 auctor
1521 1396 1745 1445 nactus
1783 1395 1880 1445 est
1913 1380 1985 1443 in
2009 1374 2444 1442 Saturnalium

315 1484 765 1549 conviviorum
790 1486 1241 1569 celebratione,
1264 1488 1506 1575 quibus
1525 1507 1730 1574 quum
1759 1504 1925 1573 saepe
1943 1484 2284 1547 interesset
2298 1525 2317 1559 ‚
2341 1478 2443 1542 vi-

314 1588 631 1677 deretque
666 1590 733 1655 in
766 1612 999 1680 magna
1026 1592 1509 1659 concertatione
1539 1588 1872 1655 ebriorum
1905 1587 2252 1652 hominum
2273 1632 2291 1666 ‚
2329 1604 2448 1672 po·

317 1696 611 1759 nentium
654 1696 933 1761 invicem
970 1712 1035 1761 et
1068 1697 1458 1763 solventium
1501 1696 1886 1785 quaestiones
1906 1742 1925 1775 ‚
1961 1693 2204 1756 multos
2247 1688 2452 1753 multa

314 1800 613 1865 meditari
639 1801 753 1866 diu
773 1851 792 1884 ,
824 1805 1029 1868 multa
1058 1804 1285 1868 frivola
1317 1801 1618 1891 expedire
1649 1818 1716 1867 et
1750 1800 1971 1889 loqui,
2002 1800 2138 1887 ipse
2169 1811 2247 1860 ut
2273 1816 2448 1883 para·

317 1908 447 1970 tior
472 1906 554 1971 ad
587 1906 909 1989 ejusmodi
935 1925 1259 1975 certamen
1290 1909 1568 1989 veniret,
1609 1924 1676 1973 et
1713 1928 1798 1971 ne
1839 1907 2013 1972 solus
2052 1902 2324 1969 tacuisse
2352 1898 2447 1961 vi-

316 2012 611 2091 deretur,
668 2014 865 2081 hosce
922 2038 1148 2081 versus
1195 2014 1633 2104 aenigmaticos
1681 2011 2096 2100 extemporali
2143 2028 2342 2097 opera
2375 2027 2445 2069 se

317 2120 541 2184 fecisse
572 2122 795 2188 scribit
830 2123 895 2185 in
938 2122 1238 2213 Prologo.
1281 2120 1496 2201 Hujus
1526 2122 1592 2186 in
1633 2120 1909 2186 introitu
1945 2119 2084 2206 ipse
2117 2136 2312 2180 suum
2337 2134 2446 2175 au·

313 2226 511 2290 ctoris
552 2248 794 2293 nomen
837 2227 1201 2315 profitetur,
1240 2242 1436 2314 atque
1482 2226 1622 2290 haec
1664 2226 1846 2313 quasi
1879 2222 2294 2300 deliramenta
2328 2240 2444 2282 sua

316 2332 491 2398 Sexti
517 2331 822 2415 alicujus,
855 2354 1052 2434 quem
1088 2331 1399 2421 adpellat,
1436 2333 1732 2422 exemplo
1765 2345 2066 2397 excusat:

598 2491 725 2543 Hac
749 2507 963 2563 quoque
989 2488 1293 2562 symposius
1320 2487 1387 2542 de
1412 2487 1648 2542 carmine
1673 2487 1796 2541 lusit
1817 2487 2024 2558 inepto:

598 2579 683 2633 Sic
708 2591 799 2641 tu,
826 2577 1013 2639 Sexte,
1046 2576 1237 2640 doces,
1266 2577 1340 2631 sic
1369 2589 1419 2630 te
1446 2573 1616 2629 deliro
1645 2575 1911 2647 magistro.

320 2740 533 2803 Verba
582 2740 739 2804 Hoec
773 2761 1019 2827 quoque
1048 2738 1227 2804 haud
1258 2738 1457 2804 dubie
1492 2736 1858 2826 significant
1890 2737 2074 2825 plura
2107 2737 2224 2799 alia
2257 2735 2443 2822 Sym-

320 2845 578 2932 posium
614 2845 841 2909 lusisse
872 2845 1193 2925 carmina,
1228 2861 1424 2932 atque
1454 2844 1634 2907 hunc
1669 2841 2112 2932 AEnigmatum
2156 2839 2442 2904 libellum

322 2968 469 3038 post
500 2952 625 3016 alia
660 2949 907 3016 editum
950 2949 1528 3038 subjunctumque.
1563 2950 1730 3015 Nam
1761 2948 1984 3014 eadem
2015 2947 2296 3013 formula
2330 2967 2444 3010 an-

320 3058 633 3144 tiquiores
668 3074 875 3146 poetae
910 3058 1109 3122 libros
1138 3079 1295 3122 suos
1330 3057 1716 3122 continuare
1746 3057 1956 3121 solent
1972 3101 1990 3137 ,
2029 3069 2106 3119 ut
2138 3051 2444 3141 Virgilius

318 3163 465 3226 libri
497 3163 599 3227 111
634 3162 873 3252 Georg.
907 3163 1097 3228 initio
1124 3186 1141 3228 z
1176 3193 1203 3220 ι
1224 3164 1319 3228 'I'e
1360 3185 1660 3252 quoque,
1708 3185 1939 3252 magna
1976 3161 2158 3226 Pales
2177 3207 2196 3242 ,
2239 3174 2441 3240 ette,

322 3269 743 3334 memorande
762 3315 785 3351 ‚
812 3291 1117 3334 canemus
1133 3317 1152 3351 ,
1180 3269 1406 3334 Pastor
1422 3269 1507 3334 ab
1528 3269 1896 3358 Amphryso
1913 3291 1976 3349 »ς
2003 3283 2068 3331 et
2093 3265 2446 3331 Columella

324 3374 429 3440 lib.
482 3376 589 3441 X:
628 3406 653 3433 α
678 3377 1038 3442 Hortorum
1087 3399 1355 3466 quoque
1398 3393 1465 3441 te
1507 3377 1722 3441 cultus
1745 3422 1763 3458 ,
1809 3375 2048 3440 Silvine
2067 3422 2086 3456 ,
2119 3373 2371 3438 docebo
2397 3403 2442 3437 ι».

316 3482 584 3547 Sextum
604 3529 625 3564 ‚
670 3505 867 3571 quem
914 3499 1143 3548 auctor
1171 3481 1571 3572 adloquitur,
1622 3503 1905 3570 pronum
1953 3496 2051 3544 est
2098 3479 2406 3568 suspicari
2425 3527 2444 3560 ,

314 3588 515 3668 fuisse
558 3589 843 3677 aliquem
891 3591 1271 3678 scriptorem
1312 3589 1664 3678 superioris
1709 3587 1826 3651 aevi
1846 3635 1865 3669 ,
1898 3588 2012 3675 qui
2047 3586 2444 3651 Saturnalio-

318 3717 467 3758 rum
498 3694 807 3759 hilaritati
838 3695 1151 3784 scriptum
1184 3695 1449 3784 aliquod
1475 3693 1762 3777 joctssare
1779 3742 1798 3776 ,
1837 3693 2102 3784 griphos
2125 3741 2144 3775 ,
2187 3710 2302 3757 aut
2327 3693 2446 3756 alia

320 3799 719 3886 problemata
770 3799 1049 3883 ludicra,
1093 3799 1684 3866 adcommodaverit
1703 3848 1722 3881 ,
1776 3816 1840 3864 et
1882 3798 2066 3880 cujus
2110 3815 2439 3887 tamquam

322 3907 605 3994 magistri
644 3907 743 3970 sui
783 3908 1077 3996 exemplo
1120 3907 1217 3972 vel
1262 3921 1584 3995 praecepto
1628 3929 1820 3970 suum
1865 3906 2000 3996 ipse
2031 3907 2441 3994 oenigmatum

322 4011 817 4076 scribendorum
863 4013 1279 4101 proppsitum·
1320 4011 1775 4077 commendare
1819 4013 1993 4077 velit.
2039 4007 2166 4076 Sed
2207 4011 2274 4073 in
2311 4025 2440 4072 tam

328 4114 601 4180 obscura
644 4116 818 4180 Sexti
860 4117 996 4197 ejus
1032 4119 1378 4199 memoria,
1412 4139 1606 4205 quam
1645 4134 1868 4182 auctor
1905 4119 2042 4204 ipse
2085 4115 2256 4178 nulla
2289 4128 2442 4184 nota
