2964 4690
701 375 1300 446 ELEGIARUM
1351 377 1941 446 MAXIMIANI.
2246 371 2379 470 169

275 510 700 598 manuscripta
720 556 741 591 ‚
773 508 890 572 ubi
911 506 1156 572 diversa
1176 507 1258 570 ab
1282 507 1418 572 istis
1443 508 1787 595 proferunt
1802 554 1821 589 ,
1848 506 1913 570 in
1944 506 2021 570 iis
2048 505 2203 594 ipsis
2224 527 2382 569 con·
2462 589 2469 598 Π

274 617 483 681 venire
525 617 700 680 inter
739 637 845 698 se,
882 615 970 679 ita
1003 611 1266 702 quidem
1301 629 1378 677 ut
1411 612 1625 678 adhue
1668 611 1917 677 diversa
1956 619 2383 699 utrorumque

274 718 558 786 recensio
585 719 963 808 reperiatur.
988 722 1074 783 At
1099 741 1178 782 ex
1199 717 1315 782 his·
1325 717 1729 806 intelligitur,
1766 738 1962 805 quam
1992 717 2391 806 negligenter

271 826 524 890 habitus
549 825 634 889 sit
653 824 1078 890 Maximinum
1098 824 1180 888 ab
1203 822 1594 905 editoribuS,
1630 823 1743 910 qui
1766 822 1928 886 nihil
1949 821 2125 887 aliud
2144 871 2162 906 ‚
2193 827 2389 910 quam

275 949 516 998 textum
545 955 586 996 a
617 931 1058 1020 superioribus
1087 929 1396 995 traditum
1427 942 1792 1019 repetentes
1812 976 1832 1010 ,
1870 929 1951 994 de
1981 927 2389 994 emendando

271 1053 334 1102 et
354 1036 438 1102 ad
461 1038 844 1125 incorrupta
869 1017 1248 1125 exemplaria
1271 1033 1685 1100 reformando
1710 1055 1843 1098 non
1866 1035 2253 1123 cogitarunt.

355 1143 454 1208 Ex
497 1143 679 1208 omni
734 1164 1012 1207 numero
1058 1163 1286 1206 eorum
1305 1189 1324 1223 ,
1374 1141 1489 1229 qui
1540 1141 2000 1204 Maximianum
2047 1138 2392 1204 ediderunt

269 1265 414 1340 post
439 1249 797 1314 Gauricum
815 1296 833 1331 ,
857 1247 1184 1312 neminem
1205 1248 1454 1336 reperio
1474 1295 1493 1330 ,
1516 1245 1731 1336 quoad
1748 1245 2068 1311 recordari
2087 1266 2387 1334 possum,

271 1357 378 1444 qui
403 1371 654 1420 textum
672 1377 708 1418 a
727 1355 986 1420 Gauriei
1006 1353 1494 1430 defraudatione
1512 1354 1841 1442 integrum
1862 1349 2138 1436 dederit,
2160 1367 2391 1441 praeter

271 1463 386 1526 hos
409 1471 697 1550 quatuor
711 1509 729 1542 ,
753 1460 1172 1525 Theodorum
1200 1459 1641 1524 Pulmannum
1660 1506 1679 1540 ,
1702 1476 1769 1523 et
1783 1507 1801 1537 ‚
1823 1459 1936 1546 qui
1959 1480 2109 1521 eum
2133 1476 2391 1547 expres·

271 1568 383 1648 sit,
431 1568 860 1632 recentiorem
906 1566 1222 1631 editorem
1267 1566 1728 1647 parisiensem,
1768 1582 1909 1630 tum
1957 1565 2281 1629 Pithoeum
2325 1577 2425 1627 et.

272 1673 654 1738 Goldastum
702 1673 816 1760 (1).
868 1674 983 1737 Est
1034 1671 1248 1736 adhuc
1293 1672 1571 1736 solitaria
1614 1669 1905 1759 quaedam
1948 1687 2013 1735 et
2051 1693 2087 1734 a
2127 1669 2389 1757 reliquis

271 1777 474 1866 poeti&
511 1779 800 1860 sejuncta
839 1779 1038 1844 editio
1079 1779 1491 1862 Maximiani,
1543 1803 1689 1867 quoe
1726 1778 1979 1842 nullum
2015 1799 2231 1865 neque
2262 1777 2389 1840 im·

269 1886 614 1972 pressionis
661 1879 878 1949 locum
903 1932 923 1966 ,
970 1907 1184 1973 neque
1231 1907 1476 1948 aunum
1531 1899 1827 1948 notatum
1848 1931 1867 1964 ,
1915 1901 1982 1947 et
2006 1905 2151 1970 ‘pro
2200 1882 2391 1946 titulo

271 1991 398 2054 haec
429 2007 690 2055 tantum
719 1991 916 2056 verba
947 1992 1301 2080 proscripta
1333 1992 1529 2055 habet
1557 2014 1573 2055 :
1608 1991 2004 2055 Maximiani
2036 1987 2296 2077 (soeculi
2325 2001 2399 2052 ut

267 2096 542 2160 credaut·
579 2093 762 2182 XII)
807 2094 1074 2182 Elegioe.
1123 2096 1336 2178 Quam
1395 2117 1518 2184 ego
1562 2093 1910 2182 aliquando
1947 2095 2145 2156 visam
2185 2095 2393 2158 Lune-

270 2201 454 2290 burgi
491 2201 558 2264 in
597 2201 808 2264 lucem
835 2199 1148 2288 prodiisse
1183 2201 1544 2288 suspicatus
1572 2223 1717 2263 sum
1739 2248 1757 2281 ‚
1792 2199 1907 2262 ubi
1927 2200 2145 2286 plures
2170 2203 2392 2285 poetas

271 2307 548 2371 minores
583 2305 714 2369 hoc
741 2305 978 2370 soeculo
1001 2326 1294 2369 seorsum
1323 2303 1529 2370 editos
1556 2305 1728 2369 novi.
1756 2303 1839 2368 Et
1860 2301 2263 2368 confirmavit
2288 2326 2394 2368 me

271 2412 379 2475 hac
429 2412 498 2475 in
539 2408 860 2474 sententia
895 2410 930 2472 J
937 2458 952 2473 .
1003 2408 1088 2473 N.
1123 2409 1440 2473 Nielasius
1474 2410 1553 2471 V.
1592 2411 1665 2472 C.
1700 2410 1815 2497 qui
1860 2398 2323 2473 Maximianum
2352 2434 2389 2473 a

269 2517 500 2581 Christ.
557 2514 890 2579 Friderico
937 2512 1268 2579 Schmidio
1289 2562 1308 2596 ,
1357 2514 1648 2579 Joannoei
1698 2516 2223 2605 Luneburgensis
2268 2517 2393 2579 Re-

269 2638 438 2687 ctore
457 2672 476 2705 ‚
513 2639 580 2687 et
606 2622 892 2711 plurium
925 2619 1172 2686 editore
1197 2636 1535 2710 poetarum
1552 2670 1570 2703 ‚
1602 2638 1791 2708 putat
1816 2620 2063 2686 editum
2092 2644 2230 2686 esse
2257 2622 2390 2685 Lu·

269 2730 538 2817 neburgi
587 2726 758 2792 intra
804 2748 1012 2792 annos
1069 2731 1237 2815 1714
1289 2744 1356 2791 et
1410 2728 1616 2815 1726,
1664 2729 1833 2816 typis
1883 2727 2387 2792 Ortmannianis.

269 2834 462 2917 Quod
497 2834 962 2899 Maximianum
995 2831 1208 2897 editor
1237 2834 1304 2896 in
1341 2834 1537 2897 titulo
1573 2834 1806 2897 saeculo
1838 2834 1964 2897 XII
1999 2832 2387 2921 adsignavit,

267 2938 387 3004 hoc
432 2964 516 3005 ex
562 2962 784 3004 errore
829 2955 965 3021 est,
1010 2962 1145 3027 quo
1189 2938 1651 3004 Maximianum
1696 2938 2189 3003 versificatorem
2236 2938 2389 3001 artis

265 3044 712 3111 Grammaticae
745 3068 896 3109 cum
941 3045 1414 3135 Elegiographo
1449 3045 1747 3110 confudit
1766 3094 1784 3127 ,
1832 3066 2165 3133 perperam
2202 3045 2391 3108 intel-

267 3152 426 3217 lecto
467 3152 704 3241 Gangii
741 3152 1108 3217 testimonio
1128 3199 1147 3233 ‚
1185 3150 1366 3240 quod
1403 3151 1729 3217 Fabricius
1755 3153 1823 3215 in
1852 3151 2009 3216 Bibl.
2044 3152 2179 3216 Lat.
2214 3148 2383 3215 med.

266 3258 374 3322 aevi
407 3274 476 3323 et
518 3258 922 3323 Fontaninus
955 3258 1292 3322 adducunt
1311 3305 1330 3338 ,
1363 3275 1430 3322 et
1461 3257 1639 3347 quod
1672 3258 1792 3347 ipsi
1825 3258 2229 3345 proferemus
2260 3257 2385 3321 alio

265 3362 422 3427 loco.
470 3361 1002 3426 Praetereundum
1045 3362 1328 3449 denique
1379 3384 1511 3425 non
1562 3379 1658 3427 est
1678 3412 1696 3444 ‚
1734 3362 2105 3426 Maximiani
2139 3362 2385 3452 Elegias

263 3468 430 3532 inter
471 3468 690 3556 Opera
730 3482 793 3531 et
831 3470 1220 3556 Fragmenta
1263 3483 1549 3533 veterum
1594 3469 1937 3533 Poetarum
1974 3470 2345 3532 Latinorum
2360 3520 2382 3549 ,

263 3598 296 3635 a
335 3574 539 3639 mich.
581 3574 908 3638 Maittario
941 3572 1145 3655 edita,
1187 3573 1474 3637 exhiberi
1496 3622 1513 3655 ,
1548 3574 1630 3639 ad
1668 3573 1904 3637 calcem
1936 3574 2285 3639 voluminis
2318 3575 2382 3639 Π

321 3740 400 3805 (ι)
434 3738 502 3794 In
528 3736 766 3793 editione
785 3736 1045 3808 Propertii
1071 3756 1136 3790 ex
1159 3738 1344 3791 Museo
1367 3736 1595 3789 Simonis
1610 3737 1791 3790 Abbes
1808 3736 2121 3804 Gabbemae,
2146 3737 2377 3809 Trajecti

259 3824 326 3877 ad
345 3826 506 3879 Rhen-
532 3826 701 3895 1659,
737 3826 884 3890 in·8,
923 3826 1017 3878 ubi
1044 3826 1349 3878 inscribitur
1376 3828 1679 3877 Maximiani
1704 3830 1987 3894 Elegiarum
2020 3828 2232 3885 libellus,
2267 3844 2379 3893 per-

251 3932 420 3980 penna
447 3918 674 3966 Cornelio
705 3918 856 3967 Gallo
879 3917 1174 3977 adtributus,
1207 3913 1416 3968 videtui:
1445 3913 1617 3967 editor
1639 3917 1998 3969 recensionem
2018 3912 2225 3966 Theod.
2253 3912 2378 3965 Pul-

259 4001 431 4054 manui
457 4014 716 4073 sequutus
740 4020 872 4055 esee.
909 4000 1012 4055 Sed
1038 4003 1140 4056 hoc
1167 4002 1402 4073 suspicor
1421 4013 1627 4055 tantum
1648 4020 1665 4066 ;
1694 4020 1816 4056 nam
1834 4002 2027 4057 librum
2048 4003 2217 4073 ipaum
2236 4020 2379 4055 nunc

257 4088 510 4161 inspicere
535 4110 644 4143 non
669 4108 908 4163 possum.
