2964 4690
787 395 1350 466 Juvenum
1400 397 2033 466 PmLoMELA.
2341 424 2477 496 179

329 542 487 592 octo
521 525 777 608 abjicit,
809 547 1054 614 eosque
1087 527 1155 590 in
1195 526 1480 592 diversos
1526 542 1810 615 quatuor
1850 530 2207 612 contrahit,
2241 553 2477 621 nempe

329 636 502 700 hos:

621 807 862 864 Scribere
883 825 971 860 me
990 824 1148 861 voces
1169 809 1349 861 avium
1367 807 1659 862 Philomela
1682 809 1851 881 coegit
1867 847 1884 872 ,

691 897 831 963 Quo
854 906 1014 950 cantu
1037 907 1252 950 cunctas
1280 909 1557 968 exsuperat
1576 897 1837 952 volueres.

619 987 760 1039 Nam
785 985 1080 1039 Philomela
1104 984 1248 1040 canit
1263 977 1462 1040 vocum
1486 985 1789 1040 dista-imina
1818 985 1964 1040 mille
1982 1023 1999 1048 ,

691 1073 760 1126 Et
791 1085 1009 1128 cantare
1040 1074 1200 1128 simul
1225 1085 1382 1127 nocte
1411 1071 1605 1144 dieque
1630 1087 1823 1146 potest.

625 1161 824 1238 Parrus
841 1161 984 1215 enim
1001 1199 1020 1226 ‚
1047 1171 1147 1215 etc.

340 1355 492 1418 Hoc
519 1354 888 1442 exemplum
919 1353 1092 1419 Petr.
1123 1356 1539 1418 Burmannus
1570 1353 1839 1431 Anthol‚
1868 1354 2003 1418 Lat.
2040 1353 2149 1418 lib.
2184 1355 2265 1436 V,
2298 1381 2479 1424 num.

349 1460 474 1540 143
493 1506 513 1542 ,
565 1461 824 1549 repetiit
843 1509 862 1544 ,
913 1461 1068 1548 quia
1116 1461 1380 1550 vulgato
1433 1461 1707 1549 antiquo
1762 1461 1963 1550 magis
2012 1463 2373 1552 genuinum
2420 1483 2487 1532 et

343 1566 762 1633 emendatum
801 1569 1074 1634 censuit.
1113 1567 1316 1652 Quod
1375 1568 1542 1633 mihi
1596 1591 1783 1633 secus
1838 1567 2117 1636 videtur.
2171 1571 2483 1654 Quamvis

343 1674 524 1738 enim
566 1673 674 1738 hic
716 1673 845 1739 illic
883 1675 1196 1740 lectiones
1242 1675 1540 1739 meliores
1579 1674 1854 1757 habeat,
1903 1692 2059 1740 sunt
2108 1691 2323 1742 tamen
2363 1681 2483 1745 alia

342 1779 709 1868 vulgarium
759 1778 1123 1844 editionum
1145 1827 1166 1862 ,
1223 1801 1368 1868 quae
1423 1777 1819 1868 praeferenda
1872 1791 2121 1868 putem.
2175 1783 2262 1847 Et
2310 1785 2491 1872 quod

345 1885 538 1949 initio
579 1884 883 1950 nonnulli
923 1904 1182 1967 versus,
1226 1885 1342 1973 qui
1385 1884 1643 1949 laudem
1682 1883 2047 1973 philomelae
2090 1903 2156 1951 et
2194 1911 2487 1958 caussam

345 1987 630 2076 suscepti
665 1987 1028 2076 argumenti
1064 1986 1437 2069 continent,
1471 1985 1702 2066 abjecti
1735 2002 1923 2070 sunt,
1963 1988 2081 2052 alia
2116 1991 2186 2052 in
2226 1991 2487 2058 brevius

347 2107 680 2158 contracta
700 2140 721 2175 ,
769 2090 899 2158 hoc
943 2105 1274 2158 auctorem
1321 2093 1603 2182 aliquem
1646 2109 1760 2158 aut
1796 2092 2133 2159 librarium
2169 2099 2492 2164 recentio-

347 2221 492 2264 rem
534 2197 795 2288 prodit,
832 2199 949 2288 qui
997 2217 1256 2264 carmen
1304 2198 1434 2264 hoc
1481 2198 1563 2262 ad
1607 2199 1988 2289 primarium
2032 2217 2491 2290 argumentum

351 2328 548 2371 suum
591 2305 904 2371 reducere
922 2356 940 2385 ,
979 2321 1045 2371 et
1079 2304 1160 2370 ad
1197 2304 1471 2371 formam
1506 2305 1791 2397 glossarii
1827 2305 1909 2371 de
1940 2306 2210 2373 vocibus
2244 2311 2493 2375 anima-

349 2413 552 2496 lium,
585 2413 798 2502 qualia
839 2412 1042 2478 multa
1085 2414 1156 2477 in
1207 2411 1623 2478 bibliothecis
1667 2414 2103 2503 manuscripta
2136 2416 2492 2483 etiamnum

352 2535 645 2601 exstant,
681 2518 972 2608 redigere
1006 2518 1252 2600 voluit3
1301 2516 1635 2605 adeoque,
1682 2541 1829 2605 quae
1864 2518 1932 2581 in
1964 2521 2238 2609 antiquo
2274 2544 2494 2588 exem-

353 2625 515 2713 plari
550 2623 634 2689 de
667 2623 858 2689 laude
898 2624 1262 2713 philomelae
1302 2622 1635 2705 dicuntur,
1667 2638 1997 2711 tamquam
2038 2626 2363 2714 superflua
2394 2650 2497 2712 re-

353 2731 564 2798 scidit.
598 2732 762 2821 Ipsae
794 2732 1186 2795 mutationes
1215 2730 1280 2795 in
1312 2730 1607 2817 exemplo
1632 2729 1883 2793 Schotti
1910 2730 2093 2793 factae
2112 2732 2263 2795 satis
2290 2748 2500 2799 osten-

354 2838 526 2905 dunt
544 2886 564 2921 ,
608 2839 740 2903 hoc
785 2858 865 2903 ex
909 2838 1023 2901 illo
1067 2837 1436 2925 antiquiore
1488 2835 1760 2901 ductum
1811 2852 1877 2900 et
1920 2853 2289 2901 correctum
2336 2860 2495 2903 esse.

355 2944 525 3011 Nam
575 2946 689 3034 qui
739 2964 963 3010 versus
1003 2944 1194 3008 initio
1243 2943 1545 3008 carminis
1591 2942 2035 3031 praeponitur:
2093 2942 2371 3010 Scribere
2401 2968 2500 3010 me

355 3074 544 3117 voces
575 3055 822 3133 avium,
851 3066 974 3117 etc.
1009 3050 1120 3115 hic
1165 3072 1203 3115 e
1249 3048 1467 3115 medio
1509 3049 1895 3138 antiquioris
1928 3050 2239 3140 exempli,
2287 3072 2349 3117 v.
2382 3050 2501 3135 45,

355 3159 475 3225 ubi
504 3156 679 3224 idem
714 3158 984 3250 legitur,
1018 3172 1320 3248 sumptus
1352 3172 1482 3240 est3
1537 3170 1605 3222 et
1647 3156 1761 3246 qui
1807 3156 1915 3222 hic
1952 3159 2251 3245 sequitur
2278 3182 2342 3224 v.
2366 3162 2450 3247 47
2480 3184 2497 3223 z

357 3262 487 3329 Sed
499 3264 642 3353 jam
674 3261 1154 3352 quadrupedum
1167 3261 1360 3349 fari,
1407 3278 1529 3327 etc.
1566 3262 1633 3325 in
1678 3260 1877 3326 alium
1926 3276 2215 3327 mutatus
2252 3278 2384 3346 est,
2426 3280 2505 3329 ut

359 3390 486 3435 suo
533 3370 682 3435 loco
729 3367 1146 3434 indicabitur.
1189 3367 1635 3450 Quamobrem
1677 3366 1841 3431 mihi
1886 3368 2087 3431 satius
2115 3368 2327 3433 visum
2366 3386 2464 3435 est
2482 3418 2501 3451 ‚

361 3491 614 3540 textum
651 3474 1014 3565 vulgarium
1047 3472 1414 3540 editionum
1447 3472 1675 3560 sequi,
1710 3471 1899 3552 cujus
1932 3472 2095 3535 mihi
2133 3472 2269 3537 duo
2296 3496 2507 3539 exem·

364 3582 468 3669 pla
487 3628 507 3664 ,
545 3600 780 3671 nempe
815 3578 1194 3645 Bersmanni
1231 3595 1298 3645 et
1333 3576 1625 3643 Goldasti
1644 3624 1663 3660 ,
1700 3576 1783 3641 ad
1814 3598 2049 3641 manus
2085 3595 2279 3659 sunt,
2316 3602 2506 3643 eum-

363 3670 560 3777 que'e
584 3688 837 3753 schotti
865 3686 1186 3776 exemplo,
1203 3684 1320 3749 ubi
1357 3693 1525 3773 opus
1560 3684 1789 3764 fuerit,
1827 3681 2333 3749 emendatiorem
2366 3685 2509 3751 redi

365 3792 542 3859 dere.
588 3800 938 3859 Auctorem
983 3792 1144 3857 huic
1184 3790 1418 3881 Elegiae
1461 3788 1815 3855 Goldastns
1856 3790 2237 3879 proscripsit
2271 3790 2511 3855 Album

373 3900 671 3965 Ovidium
718 3900 1116 3964 Iuventium
1140 3946 1160 3979 ,
1207 3897 1324 3985 qui
1377 3896 1581 3960 homo
1626 3894 1813 3975 cujus
1856 3894 2055 3960 fuerit
2072 3942 2091 3977 ‚
2142 3912 2207 3959 et
2246 3894 2509 3983 quando

367 4006 596 4069 vixerit
613 4052 632 4088 ,
663 4004 842 4069 haud
873 4005 1182 4092 cuiquam
1217 4002 1400 4067 facile
1427 4000 1510 4065 ad
1542 3998 2019 4089 expediendum
2048 4001 2189 4064 fore
2212 4001 2512 4065 arbitror.

373 4112 520 4199 lpse
545 4102 894 4177 Goldastus
921 4110 1004 4175 de
1029 4132 1110 4175 eo
1139 4110 1248 4173 hic
1277 4111 1511 4173 refert:
1536 4137 1561 4161 κ
1591 4108 1777 4171 Hanc
1803 4106 2293 4193 inscriptionem
2320 4106 2517 4169 habet

2124 4238 2227 4280 12.
