2964 4690
985 172 999 202 Ι

516 345 649 416 332
976 318 1570 417 'EmTIONEs
1621 350 2128 419 sYMPosn.

684 478 991 565 Symposii
1033 479 1260 541 veteris
1297 492 1506 565 poetoe
1549 481 1928 567 AEmgrmata
1947 528 1966 558 ,
2019 501 2186 543 nunc
2225 483 2505 567 primum
2537 488 2636 543 ιῗη-

601 596 781 647 venta
813 596 875 647 et
905 605 1143 649 excusa
1160 632 1179 665 ,
1214 606 1357 647 cum
1382 588 1696 649 sententiis
1723 596 1951 673 septem
1988 583 2258 649 Groecioe
2286 587 2640 673 sapientum

602 688 1119 754 emendatioribus
1150 704 1209 754 et
1236 690 1618 754 auctioribus
1640 714 1663 753 .·
1701 688 1884 779 apud
1911 688 2146 755 Ludov.
2185 688 2505 775 Cyaneum
2527 692 2640 755 sub

600 795 838 859 duobus
872 795 1077 860 Gallis
1101 799 1167 860 in
1197 798 1312 859 via
1336 795 1660 861 Jacoboea.

685 901 751 964 Si
797 901 1025 965 titulus
1070 922 1413 989 annusque
1444 897 1746 966 editionis
1781 900 1979 981 hujus
2019 924 2054 965 a
2089 898 2437 966 Maittairio
2471 902 2640 967 indi-

600 1024 779 1070 catus
808 1023 980 1070 recte
1006 1029 1073 1069 se
1099 1004 1328 1088 habet,
1356 1006 1604 1088 nescio,
1637 1004 1796 1094 quid
1829 1004 1911 1070 de
1935 1006 2060 1071 alio
2087 1006 2388 1071 editionis
2415 1008 2641 1072 Perio-

600 1114 808 1177 nianae
844 1114 1139 1202 exemplo
1174 1113 1333 1177 mihi
1364 1111 1782 1178 statuendum
1816 1115 1927 1197 sit,
1967 1115 2146 1202 quod
2181 1138 2218 1179 e
2247 1116 2642 1180 bibliotheca

599 1220 891 1307 Georgiae
922 1222 1234 1309 Augusta}
1263 1219 1711 1284 benevolentia
1744 1220 1978 1309 Heynii
2008 1222 2084 1283 V.
2119 1222 2190 1285 G.
2220 1222 2376 1285 mihi
2403 1245 2644 1311 suppe-

600 1320 873 1388 ditatum
909 1326 974 1387 in
1014 1326 1315 1389 manibus
1345 1324 1596 1407 haben,
1631 1324 1942 1414 quodque
1975 1326 2172 1389 alium
2204 1339 2269 1389 et
2295 1340 2544 1391 'annum
2579 1344 2644 1391 et

522 1446 527 1451 ·
602 1429 1077 1519 typographum
1112 1430 1388 1519 praefert.
1424 1431 1761 1520 Integrum
1791 1430 1928 1511 ejus
1951 1432 2212 1495 titulum
2241 1430 2513 1511 subjicio
2539 1456 2556 1497 :

690 1536 1042 1623 §symphosii
1076 1537 1287 1601 Poetoe
1326 1537 1554 1602 veteris
1585 1534 2030 1623 elegantissimi
2059 1538 2308 1601 erudita
2319 1538 2532 1626 juxta
2565 1562 2648 1602 ac

601 1656 833 1729 arguta
870 1657 935 1706 et
942 1642 1190 1728 festiva
1224 1646 1610 1733 AEnigmata
1627 1692 1646 1723 ,
1689 1666 1857 1707 nunc
1884 1645 2164 1733 primum
2205 1656 2266 1708 et
2299 1650 2549 1709 inventa
2583 1660 2648 1709 et

602 1771 857 1813 excusa.
898 1752 1309 1815 Accesserant
1346 1763 1570 1840 septem
1613 1750 1879 1816 Groecz‘oe
1915 1756 2260 1840 sapientam
2291 1753 2608 1815 sententia·
2625 1802 2646 1834 ,

524 1874 529 1881 ·
604 1854 801 1917 multo
844 1844 1037 1942 quam
1072 1857 1347 1921 antehac
1378 1856 1827 1920 emendatiores
1840 1904 1860 1936 ,
1900 1870 1962 1920 et
1998 1856 2268 1921 versibus
2298 1862 2487 1920 etiam
2519 1860 2649 1921 ali-

604 1967 768 2046 quot'
786 1963 1111 2025 auctiores·
1144 1962 1401 2025 Parisiis
1430 1960 1604 2049 apud
1629 1961 1941 2026 Jacobum
1974 1962 2218 2026 Kerver
2239 1962 2362 2026 sub
2385 1961 2650 2027 duobus

605 2064 782 2155 galiis
814 2066 881 2128 in
916 2066 1017 2129 vi'a
1044 2067 1351 2148 Jacobea,
1398 2066 1594 2154 1537,
1629 2066 1813 2149 ἱππ-8,
1845 2084 2050 2132 const.
2076 2068 2244 2131 foliis
2283 2087 2378 2132 12.

691 2172 925 2235 Nescio
946 2220 964 2253 ,
998 2172 1304 2259 inquam,
1338 2188 1564 2237 utrum
1597 2196 1738 2237 eam
1773 2174 2034 2237 alteram
2069 2196 2144 2237 ac
2179 2172 2395 2237 denuo
2427 2196 2652 2237 recen·

609 2278 793 2340 sitam
831 2300 868 2340 a
892 2276 1192 2340 Pet-ionio
1228 2276 1617 2360 editionem,
1651 2302 1732 2341 an
1771 2300 1923 2341 vero
1964 2278 2045 2342 ab
2086 2276 2249 2359 alic,
2285 2276 2650 2342 secundum

606 2384 803 2446 alium
873 2383 1161 2447 codicem
1184 2433 1202 2466 ,
1260 2401 1504 2449 servata
1564 2400 1820 2451 tantum
1893 2384 2176 2450 Perionii
2235 2385 2652 2473 praefatione,

526 2511 533 2518 ·
606 2488 978 2553 adornatam
1026 2489 1387 2554 existimare
1421 2490 1712 2556 debeam.
1761 2489 1929 2554 Nam
1967 2507 2199 2581 praeter
2241 2491 2392 2554 anni
2429 2513 2503 2554 ac
2543 2507 2650 2580 ty-

607 2595 921 2684 pographi
971 2594 1401 2660 differentiam
1430 2643 1447 2678 ,
1494 2593 1748 2661 duabus
1795 2597 2072 2660 maxime
2121 2595 2317 2660 rebus
2356 2619 2394 2659 a
2435 2597 2656 2683 priore

610 2701 929 2784 Per-ionii,
983 2693 1177 2790 quam
1227 2701 1598 2766 Reusnerus
1648 2703 1985 2792 expressit,
2033 2700 2366 2788 discrepat.
2413 2701 2652 2766 Cente-

608 2809 775 2872 simo
819 2809 1156 2896 aenigmate
1193 2807 1273 2870 de
1312 2807 1546 2872 Cuculo
1587 2824 1794 2888 caret,
1829 2809 1947 2871 etsi
1980 2806 2060 2872 de
2091 2823 2320 2870 caetero
2352 2805 2654 2870 ordinem

608 2931 673 2978 et
724 2935 1030 2976 numeros
1073 2911 1481 3000 aenigmatum
1528 2911 1828 2994 eosdem,
1877 2934 1950 2975 ac
1990 2912 2286 2999 superior
2329 2911 2608 2974 Perionii
2633 2961 2655 2995 ,

613 3036 859 3086 servat:
898 3017 1167 3098 deinde,
1200 3039 1405 3104 quum
1438 3019 1752 3083 Reusneri
1785 3019 2150 3106 exemplum
2182 3019 2454 3106 aenigma
2485 3017 2546 3080 X
2573 3019 2658 3080 de

611 3127 906 3190 Pleoem’ce
936 3123 1177 3211 duplex
1206 3124 1439 3187 habeat
1458 3174 1475 3206 ,
1508 3124 1646 3188 haec
1678 3125 1959 3189 Perionii
1993 3122 2277 3187 secunda
2306 3124 2506 3187 altero
2535 3122 2654 3187 de-

610 3234 919 3297 stituitur.
954 3230 1301 3293 Nonnullae
1329 3233 1522 3294 etiam
1544 3217 1880 3296 varietates
1909 3230 2248 3295 titulorum
2277 3245 2652 3294 occurrunt.

612 3340 835 3420 Quum
869 3339 1151 3426 priorem
1176 3336 1345 3399 illam
1371 3336 1524 3399 anni
1557 3334 1720 3401 1533
1743 3338 1948 3400 oculis
1971 3357 2280 3423 usurpare
2305 3357 2655 3423 nequeam,

613 3443 1009 3507 constituere
1039 3441 1170 3522 jam
1206 3465 1337 3506 non
1374 3440 1557 3523 licet,
1595 3443 1761 3506 sitne
1794 3465 1864 3505 ea
1911 3464 1946 3504 a
1981 3441 2316 3505 Reusnero
2351 3463 2513 3527 pure
2549 3462 2659 3505 ex-

616 3571 872 3637 pressa,
908 3572 988 3612 an
1038 3571 1189 3612 vero
1240 3548 1346 3612 hic
1388 3547 1704 3611 invexerit
1750 3547 2103 3628 nonnulla,
2145 3569 2289 3634 quae
2335 3540 2498 3610 adeo
2537 3569 2660 3610 nec

616 3654 896 3719 secunda
944 3655 1097 3718 anni
1151 3653 1312 3742 1537
1362 3653 1614 3719 habeat.
1659 3655 1844 3742 Casp.
1896 3652 2192 3716 Barthius
2237 3669 2497 3734 tamen,
2542 3651 2658 3740 qui

616 3762 887 3848 primam
928 3761 1208 3824 Perionii
1244 3759 1592 3824 editionem
1639 3759 1970 3849 usurpavit
2015 3759 2373 3847 saepiusque
2402 3757 2658 3840 laudat,

617 3891 755 3932 cam
794 3865 1151 3955 significare
1186 3867 1477 3947 videtur,
1519 3885 1712 3954 quam
1759 3869 2130 3932 Reusnerus
2176 3865 2452 3954 repetiit.
2490 3863 2660 3928 Nam

622 3977 685 4036 in
731 3973 1062 4037 Animadv.
1099 3973 1175 4036 ad
1224 3973 1556 4036 Claudian.
1607 3973 1756 4036 edit.
1800 3972 2030 4061 prio'ris
2077 3993 2220 4060 pag.
2270 3969 2397 4056 469
2453 3969 2659 4056 (edit.

620 4080 949 4162 secundae,
996 4083 1168 4164 inni,
1204 4083 1267 4168 ‘p.
1302 4077 1503 4164 988),
1537 4077 1866 4158 adfirmat‚
1915 4077 2196 4142 duorum
2243 4077 2662 4163 aenigmatum
