2964 4690
460 342 592 413 ¹16

1126 348 1556 433 iit-JsoNu⁸
1601 348 1905 417 RosAE.

546 467 968 563 Ambigeres‚
1008 486 1352 565 raperetne
1389 472 1554 541 rosis
1592 474 1852 540 Aurora
1888 468 2236 559 ruborem,

646 581 747 646 An
800 577 1012 667 daret,
1054 596 1121 650 et
1158 582 1355 650 flores
1392 584 1677 676 tingeret
1717 596 1862 649 orta
1917 581 2077 649 dies,
2109 636 2112 641 .

544 690 681 757 Ros
726 690 1157 777 unus‚,coior
1193 717 1404 778 unus,
1432 707 1500 761 et
1531 717 1742 760 unum
1781 715 1972 773 mane
2007 691 2330 760 duorum:

644 799 889 869 Sideris
922 816 1009 869 etx
1027 801 1209 871 floris
1250 828 1403 873 narn
1450 802 1718 873 domina
1766 828 1897 873 una
1935 804 2184 874 Venus.

543 910 796 978 Forsan
831 925 899 979 et
938 937 1111 980 unus
1155 913 1359 999 odor3
1390 913 1502 982 sed
1541 911 1776 983 celsior
1815 911 1924 981 ille
1959 938 2080 1007 per
2115 938 2310 982 auras

644 1022 963 1091 Difflatur
998 1048 1013 1091 ε
1051 1024 1259 1118 spirat
1295 1026 1640 1119 proximus
1675 1024 1797 1092 iste
1830 1024 2040 1118 magis
2069 1048 2086 1091 ε

543 1132 935 1201 Communis
976 1133 1228 1228 Paphie
1265 1138 1411 1203 Dea
1442 1133 1712 1222 sideris,
1749 1148 1814 1203 et
1844 1136 1987 1203 Dea
2021 1133 2234 1219 floris,

639 1242 945 1336 Praecipit
986 1244 1185 1312 unius
1222 1244 1496 1313 muricis
1531 1268 1671 1313 esse
1716 1243 2036 1313 habitum.

540 1352 959 1421 Momentum
996 1353 1346 1441 intererat,
1383 1378 1531 1449 quo
1548 1379 1618 1423 se
1651 1354 1984 1433 nascentia
2017 1352 2256 1421 florum

636 1462 958 1530 Germina
992 1462 1414 1556 comparibus
1452 1462 1824 1533 dividerent
1865 1462 2109 1556 spatiis,

520 1706 538 1739 ι
551 1686 601 1739 5.
638 1688 911 1753 Raperetne
924 1718 931 1722 -
946 1688 1069 1737 rosis
1101 1690 1300 1737 Aurora
1326 1690 1465 1738 mbo-

443 1786 558 1818 rem.
584 1766 763 1833 Inepta
784 1774 858 1815 est
878 1762 1033 1816 lectio
1048 1801 1062 1827 ‚
1076 1765 1271 1836 quaein
1291 1765 1463 1818 vicet.

443 1846 587 1899 Brix.
608 1846 745 1896 Ven.
769 1854 821 1894 et
847 1841 879 1893 J
884 1852 993 1895 unt.
1021 1843 1165 1913 (item
1179 1844 1355 1913 Win.)
1378 1843 1462 1897 ed.

441 1937 609 1979 exstat
628 1962 644 1986 ‚
672 1936 982 1995 «raperetne
1013 1923 1144 1978 rosis
1174 1937 1298 1977 tunc
1333 1942 1461 1977 aura

440 2004 688 2058 ruborem
701 2028 725 2047 v·
742 2022 755 2055 :
778 2002 923 2075 quod
948 2002 1083 2055 sorte
1096 2021 1126 2055 e
1140 2022 1296 2055 versu
1309 2002 1461 2056 tertio

440 2083 733 2137 derivatum
750 2121 766 2149 ‚
785 2080 877 2135 sed
902 2100 1111 2133 omnem
1132 2080 1231 2135 loci
1250 2082 1457 2152 elegan-

438 2164 626 2217 tissimi
652 2172 975 2215 venustatem
995 2160 1191 2215 turbat.
1210 2160 1392 2213 Bunn.

522 2261 599 2313 17.
630 2248 787 2292 Unum
816 2260 965 2291 mane
989 2244 1213 2291 duorum.
1242 2239 1385 2291 Rosae
1410 2250 1463 2291 et

438 2322 705 2383 Luciferi,
746 2338 839 2373 seu
866 2327 1079 2372 Aurora
1106 2318 1301 2390 ipsius,
1334 2335 1457 2370 cum

438 2421 546 2476 qua
590 2399 805 2453 Lucifer
847 2399 1033 2452 oritur.
1076 2397 1205 2451 Vnt.
1261 2427 1330 2436 —-
1375 2397 1459 2450 Sic

443 2480 649 2552 Pervig.
673 2479 809 2531 Ven.
838 2495 915 2530 vs.
944 2481 1091 2530 212'-
1108 2475 1313 2528 Humor
1339 2473 1458 2540 ine,

440 2577 601 2632 quem
623 2556 817 2611 serenis
838 2567 976 2610 astra
1000 2567 1182 2608 rorant
1204 2555 1461 2622 noctibus,

438 2637 600 2693 'Mane
636 2635 860 2707 virgines
902 2634 1123 2706 papillas
1164 2633 1317 2686 scivit
1358 2633 1461 2688 hu·

438 2718 605 2772 menti
644 2715 816 2788 peplo,
860 2713 980 2786 Ipsa
1017 2713 1171 2785 jussit
1210 2731 1364 2766 mane
1404 2724 1464 2766 ut

441 2798 549 2851 udo
571 2795 791 2866 virgines
812 2794 1013 2846 nubant
1036 2793 1184 2845 Rosae
1202 2818 1245 2845 -.

518 2896 596 2946 19.
624 2881 810 2927 Forsan
845 2888 893 2924 ee
926 2891 1051 2923 ianus
1088 2875 1235 2933 odor,
1269 2890 1459 2944 nempe

436 2955 620 3012 sideris
652 2965 703 3006 et
732 2951 895 3005 floris.

516 3055 600 3090 ιο.
622 3034 885 3104 Dtfflaeure
910 3031 1064 3100 spirae
1073 3031 1351 3097 proximus.
1369 3029 1455 3084 sic

442 3112 733 3169 Scriverius
770 3107 970 3170 edidit,
1024 3119 1185 3178 atque
1220 3107 1335 3162 hoec
1378 3119 1456 3161 est

442 3193 595 3248 lectio
638 3199 954 3242 vetustarum
997 3183 1317 3238 editionum:
1359 3186 1453 3241 sed

435 3273 495 3326 in
545 3267 663 3324 cod.
702 3267 929 3320 Juniano
976 3263 1165 3336 legitur
1200 3266 1373 3334 Effluit
1410 3279 1457 3318 ee

443 3355 620 3422 spirat,
654 3359 705 3400 et
747 3346 803 3398 in
842 3342 1005 3397 Leid.'
1023 3345 1219 3415 Deficit.
1252 3342 1455 3400 Tollius

439 3431 563 3483 binc
594 3425 820 3479 confecit
858 3423 1045 3488 aliam,
1080 3441 1240 3494 quam
1270 3423 1458 3493 genui·

440 3527 564 3564 nam
590 3517 764 3584 putat:
790 3531 815 3551 κ
834 3503 1064 3558 Dimuit:
1094 3502 1314 3574 exspirat
1342 3521 1458 3575 pro-

441 3593 613 3644 ximus
634 3588 729 3640 iste
750 3584 916 3657 magis
940 3603 997 3650 ις
1028 3583 1121 3637 sed
1151 3584 1301 3656 cujus
1327 3581 1457 3636 mihi

438 3671 517 3723 vis
540 3682 593 3722 et
613 3665 808 3719 utilitas
825 3681 930 3715 non
948 3663 1071 3716 sutis
1089 3661 1154 3714 ad
1158 3673 1322 3733 paret.
1332 3663 1457 3716 Sen-

439 3767 527 3802 sus
554 3758 631 3800 est
652 3762 666 3798 ε
687 3742 789 3800 Sed
810 3741 943 3796 odor
968 3741 1057 3794 ille
1084 3739 1266 3795 sideris
1284 3779 1300 3806 ‚
1330 3741 1455 3815 quia

438 3827 623 3881 celsior
644 3836 719 3878 est
732 3863 749 3889 ,
766 3819 1003 3875 difflatur
1019 3831 1071 3873 et
1089 3815 1346 3874 evanescit
1364 3839 1456 3893 per

438 3925 619 3967 auras,
659 3903 735 3958 ita
782 3913 841 3954 ut
885 3919 993 3953 non
1040 3898 1318 3954 sentiatur:
1356 3900 1453 3954 iste

429 4001 608 4042 autem
632 3981 776 4037 floris
794 4021 808 4046 ,
829 3980 954 4052 quia
982 3979 1270 4052 proximus,
1290 3979 1452 4052 spirat

433 4081 487 4119 «et
514 4065 732 4120 sentitur
758 4059 939 4132 magis.

1627 1706 1709 1739 υ.
1747 1688 1930 1754 Paphie
1958 1689 2067 1736 Dea
2093 1687 2294 1743 sideris,
2332 1694 2388 1735 ut
2421 1682 2570 1755 apud

1551 1764 1850 1839 symmach.
1879 1764 1934 1818 in
1963 1776 2103 1819 auct.
2143 1788 2169 1809 κ
2189 1764 2310 1816 Flos
2336 1764 2568 1817 siderum

1551 1846 1718 1899 Dione
1740 1870 1781 1899 ιο.
1805 1846 1902 1897 En.

1624 1944 1705 1977 υ.
1753 1927 2006 1993 Ρηεοίρὶε,
2047 1924 2080 1977 i.
2113 1942 2160 1975 e.
2191 1923 2371 1995 jubet,
2407 1925 2518 1978 vult
2550 1942 2564 1976 :

1549 2022 1738 2076 nempe
1765 2004 1868 2057 hoc
1895 2003 2080 2056 eodem
2114 2002 2272 2055 modo
2303 2002 2566 2073 accipien-

1548 2082 1675 2136 dum
1703 2097 1778 2136 est
1795 2122 1814 2151 ‚
1849 2101 1956 2157 quo
1982 2094 2165 2137 auctor
2191 2082 2394 2153 Pei-vig.
2422 2084 2564 2135 Ven.

1549 2163 1699 2215 toties
1736 2164 1866 2217 solet
1886 2166 2038 2233 jussit
2065 2161 2134 2215 de
2158 2162 2364 2215 Venere
2382 2162 2568 2234 praedi·

1550 2258 1701 2305 care3
1729 2240 1839 2296 vid.
1873 2240 2110 2314 inprimis
2140 2253 2252 2295 not.
2280 2241 2346 2294 ad
2381 2260 2454 2294 vs.
2483 2259 2566 2292 υ.

1548 2351 1615 2361 —-
1646 2325 1796 2374 Unius
1835 2324 2031 2374 muricis
2048 2361 2063 2383 ,
2097 2321 2334 2395 ejusdem
2377 2320 2566 2374 coloris

1549 2401 1816 2472 purpurei.

1623 2479 1707 2531 23.
1731 2485 2026 2532 Momentum
2061 2484 2307 2534 intererat.
2346 2486 2569 2532 Intereat

1549 2558 1733 2611 vitiose
1757 2559 2021 2611 nonnulla
2049 2559 2278 2630 antiquae
2311 2558 2457 2612 editt.
2484 2579 2565 2612 ne·
2656 2610 2665 2620 ,

1549 2639 1733 2688 eeeeacia'
1753 2641 1942 2708 flor-um
1983 2637 2039 2689 in
2074 2639 2329 2692 vossiano
2371 2639 2564 2710 scripto

1549 2716 1681 2789 legi,
1703 2718 1906 2770 notavit
1925 2714 2142 2771 Tollius.

1623 2803 1708 2860 ²¹5·
1744 2799 2056 2866 Comparibus
2079 2799 2347 2850 dividerem
2369 2797 2557 2866 spatiis.

1547 2873 1633 2928 Sic
1675 2874 1899 2946 vulgatu!
1942 2893 2142 2929 omnes.
2179 2875 2282 2928 Sed
2323 2875 2452 2948 quid
2491 2876 2563 2930 sit

1544 2954 1650 3006 hoc
1674 2953 1790 3006 loco
1812 2957 2051 3018 dividere,
2073 2955 2200 3027 quid
2223 2958 2408 3024 spatia,
2431 2956 2562 3029 quid

1543 3035 1794 3100 comparia
1814 3036 1975 3100 spatia
1989 3069 2005 3096 ,
2032 3033 2320 3087 difficulter
2338 3035 2560 3108 explico.

1544 3110 1718 3163 Potest
1749 3110 1838 3164 hic
1867 3129 2052 3164 sensus
2081 3129 2228 3164 esse:
2267 3118 2560 3170 Hammeum

1541 3204 1729 3242 tantum
1749 3193 1971 3258 temporis
1995 3189 2370 3254 intercedebat,
2393 3211 2558 3264 quum

1541 3288 1598 3322 se
1614 3269 1878 3324 nascentia
1907 3268 2098 3322 florum
2132 3269 2366 3340 germina
2387 3311 2404 3338 ,
2430 3291 2562 3327 rosae

1542 3359 1813 3401 nascentes
1835 3388 1853 3414 ,
1891 3367 2009 3421 quie
2026 3352 2326 3417 comparibus
2358 3355 2526 3420 spani}
2541 3391 2557 3413 ,

1543 3427 1659 3499 pari
1687 3429 1938 3499 temporis
1961 3439 2226 3482 momento
2245 3470 2261 3495 ,
2290 3429 2428 3482 idem
2456 3449 2561 3484 cre-

1545 3505 1726 3559 scendi
1753 3506 1982 3577 spatium
2013 3521 2180 3563 nacto
2213 3521 2414 3573 essent,
2441 3512 2560 3562 divi-

1545 3591 1718 3638 dei-ent
1738 3623 1754 3647 ,
1807 3583 2188 3661 distinguerent
2231 3607 2289 3642 se
2333 3589 2402 3642 ab
2445 3589 2559 3644 aliis

1542 3682 1682 3717 novo
1725 3663 2029 3719 incrementi
2071 3685 2276 3740 genere.
2319 3665 2423 3722 Sed
2441 3709 2458 3733 ,
2501 3680 2561 3722 ut

1541 3743 1876 3797 Burmannus
1902 3743 2153 3812 adnotat,
2173 3747 2226 3801 in
2255 3745 2372 3800 eod.
2404 3748 2556 3802 Leid.

1542 3831 1594 3875 et
1625 3824 1856 3878 Juniano
1889 3829 2162 3894 disparibus
2195 3838 2386 3893 exstat,
2413 3825 2559 3900 quod

1543 3901 1674 3955 mihi
1723 3903 1830 3956 fere
1877 3902 1946 3956 ad
1989 3923 2203 3958 sensum
2252 3906 2460 3960 facilius
2505 3917 2558 3958 et

1541 3979 1827 4052 expeditius
1889 3999 2002 4036 esse
2052 3983 2279 4038 videtur.
2351 3985 2555 4057 Nempe

1538 4061 1780 4132 paullum
1809 4063 2056 4136 temporis
2085 4064 2363 4128 intererat,
2387 4083 2552 4135 quum
