2964 4690
774 351 907 419 AD
956 352 1439 421 SYMPOSII
1492 351 2049 423 AENIGMATA,
2324 350 2461 423 305

344 480 527 545 facile
560 500 941 544 eoncessum
970 481 1049 543 iri
1082 502 1307 568 spero,
1344 480 1397 542 si
1429 478 1685 543 credam
1704 528 1720 555 ‚
1761 482 2052 546 Sextium
2093 482 2276 548 illum
2295 536 2314 567 ,
2347 488 2466 550 Da-

337 602 581 649 otorum
606 600 935 649 auctorem
955 633 973 666 ,
1011 606 1181 666 esse,
1222 606 1439 673 quem.
1456 584 1734 675 adpellet
1775 586 2154 675 Symposius
2175 637 2193 669 ,
2231 614 2465 678 quem·

344 714 473 779 que
504 714 575 755 se
608 689 781 755 dicat
810 691 997 779 quasi
1028 691 1405 779 mag-istrum
1430 690 1499 753 in
1526 691 2003 778 aenigmatibus,
2037 694 2466 761 Saturnalium

347 818 570 861 caussa
600 794 955 861 scribendis
975 844 994 877 ,
1032 795 1255 883 sequi:
1282 846 1289 851 .

532 954 541 963 '
628 944 715 1000 Sic
734 957 822 1011 tu,
852 945 1241 1013 Sexte„doces',
1269 944 1345 997 sic
1367 957 1419 996 te
1440 943 1612 997 deliro
1639 946 1905 1016 magistro.

346 1098 450 1163 Ne
478 1122 674 1188 quem
712 1098 1039 1182 offendat,
1082 1100 1348 1166 Sextum
1382 1124 1421 1165 a
1456 1100 1801 1191 Symposio
1838 1100 1966 1166 dici
1985 1148 2004 1183 ,
2041 1104 2156 1191 qui
2186 1106 2470 1193 antiquis

346 1204 601 1271 Sextius
626 1222 756 1288 est,
782 1205 1726 1279 animadvertendumomnino
1749 1214 1846 1271 est
1863 1255 1882 1291 ,
1914 1210 2321 1297 sequioribus
2348 1213 2474 1277 Ro-
2561 1250 2568 1258 ·

348 1334 693 1377 manorum
740 1312 1142 1401 temporibus
1194 1312 1561 1378 Sextiorum
1609 1336 1855 1379 nomen
1911 1314 2044 1379 fere
2091 1316 2472 1400 exolevisse,

348 1418 693 1483 Sextorum
744 1418 1225 1507 frequentatum
1273 1442 1431 1484 esse.
1481 1419 1678 1484 Sextii
1727 1420 2041 1485 nominati
2089 1421 2158 1485 in
2203 1421 2472 1487 historia

346 1526 638 1589 Romana
666 1524 773 1589 vix
794 1524 879 1589 ad
900 1526 1205 1589 saeculum
1236 1524 1600 1590 secundum
1630 1526 2076 1614 reperiuntur3
2103 1527 2232 1592 hoc
2251 1545 2470 1593 autem

348 1648 415 1697 et
461 1632 883 1721 sequentibus
938 1632 1109 1698 inter
1168 1634 1516 1721 scriptores
1567 1632 1780 1697 solum
1831 1650 2186 1699 occurrunt
2240 1635 2470 1701 Sextus

340 1736 787 1803 Choemnensis
805 1786 825 1820 ,
862 1740 1092 1803 Sextus
1126 1738 1496 1827 Empiricus
1515 1787 1536 1820 ,
1570 1739 1798 1803 Sextus
1829 1739 2122 1803 Caecilius
2155 1740 2472 1820 juriscon-

340 1846 547 1909 sultus
565 1892 585 1927 ,
617 1845 846 1910 Sextus
880 1848 1034 1909 Aur.
1074 1844 1315 1927 Victor,
1353 1845 1584 1909 Sextus
1614 1845 1822 1909 Rufus
1840 1893 1859 1926 ,
1883 1844 2114 1910 Sextus
2147 1845 2428 1913 Placitus
2449 1896 2467 1931 ,

338 1950 492 2032 alii,
538 1950 811 2040 gentiles
844 1965 911 2015 et
948 1950 1332 2033 Christiani,
1380 1972 1546 2038 quos
1587 1948 1918 2015 Fabricius
1964 1948 2006 2015 l.
2051 1974 2106 2015 c.
2157 1954 2468 2017 nominat.

338 2054 531 2119 Unde
554 2056 839 2143 proclive
871 2072 971 2120 est
996 2056 1247 2144 opinari
1268 2102 1286 2137 ,
1322 2055 1517 2119 etiam
1555 2055 1670 2143 qui
1709 2054 1864 2119 olim
1891 2056 2088 2120 Sextii
2114 2054 2270 2120 dicti
2303 2058 2468 2141 sint,

338 2176 563 2249 postea
604 2160 675 2223 in
720 2160 945 2225 Sextos
1000 2176 1279 2227 mutatos
1332 2182 1471 2224 esse
1491 2208 1510 2241 ,
1559 2176 1628 2223 et
1665 2158 1802 2225 duo
1849 2161 1988 2226 haee
2033 2160 2300 2225 nomina
2343 2164 2470 2227 fre-

336 2280 615 2355 quenter
660 2287 801 2330 esse
848 2266 1140 2330 confusa.
1188 2266 1308 2328 Vel
1354 2264 1768 2345 amadutius
1815 2266 1906 2329 rei
1947 2265 2347 2331 documento
2388 2268 2474 2333 sit

336 2373 567 2438 Sextus
592 2419 613 2454 ,
666 2371 1113 2461 Pythagoreus
1158 2370 1596 2459 Philosophus
1613 2393 1660 2452 ,³
1687 2372 2154 2436 sententiarum
2212 2390 2466 2458 auctor,

338 2501 503 2566 quas
546 2475 823 2542 Rufinus
864 2477 1061 2541 latine
1105 2477 1334 2558 vertit,
1380 2497 1576 2563 quem
1617 2473 1770 2539 licet
1815 2476 2081 2541 Sextum
2128 2479 2471 2545 nominent

338 2585 649 2674 Origenes
692 2599 758 2648 et
804 2583 1161 2664 Eusebius,
1204 2583 1325 2646 viri
1374 2571 1565 2646 docti'
1585 2597 1800 2646 tamen
1848 2582 2152 2647 eumdem
2195 2605 2468 2650 censue-

334 2703 527 2772 runt,
558 2709 633 2752 ac
658 2686 981 2770 Quintum
1010 2687 1331 2768 Sextium,
1365 2683 1842 2776 Pythagoreum
1862 2732 1881 2766 ,
1909 2687 2314 2774 temporibus
2339 2693 2471 2753 Au-

334 2794 507 2885 gusti
546 2793 867 2860 viventem
886 2840 906 2874 ,
956 2791 1143 2874 cujus
1188 2792 1429 2856 Senem
1454 2792 1816 2880 'aliquoties
1858 2811 2008 2856 cum
2045 2792 2468 2859 admiratione

334 2902 664 2984 meminit,
682 2899 978 2966 videlieet
1004 2901 1238 2964 Thom.
1268 2897 1429 2964 Gale
1450 2901 1519 2964 in
1543 2900 1791 2964 meat.
1814 2899 1901 2964 ad
1926 2901 2164 2989 Opusc.
2189 2902 2464 2989 mythol.

334 3009 523 3098 phys.
574 3025 641 3074 et
686 3007 817 3074 eth.
862 3013 897 3089 S
936 3007 1065 3088 xl,
1111 3022 1179 3070 et
1220 3023 1371 3070 ante
1416 3027 1570 3070 eum
1617 3023 1846 3071 auctor
1881 3007 2348 3072 observationis
2385 3006 2468 3071 de

334 3115 580 3204 Xysto,
626 3113 683 3178 T
685 3115 959 3178 hesauro
1006 3113 1305 3178 scholast.
1356 3115 1496 3178 Bas.
1545 3113 1735 3176 Fabri
1778 3113 2062 3194 insertae,
2098 3135 2292 3201 quem
2333 3114 2463 3178 Jae.

332 3221 757 3288 Thomasium
800 3243 939 3288 esse
970 3237 1189 3286 censet
1218 3221 1580 3302 Fabricius,
1605 3221 1766 3286 Bibl.
1803 3219 1938 3286 Lat.
1965 3237 2009 3284 t.
2033 3222 2131 3285 111
2151 3267 2168 3301 ,
2211 3243 2274 3308 p.
2313 3219 2461 3284 501.

424 3328 840 3416 Quicumque
864 3343 1081 3394 autem
1104 3327 1337 3392 Sextus
1356 3325 1465 3390 ille
1484 3373 1502 3406 ,
1530 3349 1726 3413 quem
1757 3326 2138 3414 symposius
2166 3325 2462 3415 adpellat,

334 3433 565 3517 fuerit,
612 3433 682 3498 id
732 3449 905 3498 certe
964 3433 1273 3498 hactenus
1322 3429 1510 3496 dictis
1565 3431 2078 3497 demonstratum
2125 3431 2464 3510 dedimus,

334 3539 709 3628 scriptorem
762 3540 1041 3627 aliquem
1094 3539 1177 3602 ab
1227 3560 1305 3602 eo
1352 3535 1727 3627 significari,
1779 3537 2038 3602 ludicris
2088 3537 2309 3616 dictis,
2354 3555 2466 3600 aut

334 3645 783 3710 Saturnalibus
832 3645 995 3726 jocis
1048 3643 1431 3730 conscriptis
1479 3642 1794 3706 celebrem
1821 3689 1838 3721 ,
1888 3663 2082 3728 quem
2123 3643 2260 3730 ipse
2301 3658 2464 3704 tam-

334 3772 531 3838 quam
548 3749 773 3814 talium
794 3751 1178 3838 ineptiarum
1198 3749 1571 3837 magistrum
1591 3748 1656 3812 in
1673 3745 2144 3836 componendis
2167 3749 2468 3834 aenigma-

332 3855 507 3920 tibus
548 3871 864 3943 sequutus
898 3855 1013 3936 sit;
1044 3877 1257 3941 neque
1288 3853 1486 3942 igitur
1507 3853 1880 3942 magistrum
1915 3849 2192 3937 aliquem
2232 3851 2472 3916 scholae

334 3962 603 4050 intelligi
624 4011 645 4042 ,
680 3963 795 4051 qui
821 3963 1157 4050 aenigmata
1188 3959 1640 4049 componenda
1675 3959 2106 4024 Saturnalium
2137 3979 2354 4020 caussa
2383 3959 2462 4020 ti-

332 4067 607 4134 ronibus
638 4071 809 4152 suis,
864 4085 1193 4156 tamquam
1236 4067 1701 4132 exercitationis
1739 4089 1978 4154 genus,
2027 4063 2461 4152 proposuerit.

534 4178 699 4242 VII.
2087 4195 2176 4238 20
