2964 4690
484 379 615 450 188
887 381 1537 452 TESTIMONIA
1568 381 1721 450 ,ΕΤ
1770 379 2185 449 JUDICIA

471 513 522 574 F
524 525 1014 600 ragmentorum
1060 510 1324 574 titulum
1372 511 1765 599 praeposuit,
1814 507 2081 573 ridicula
2125 522 2319 589 sunt,
2356 529 2474 570 nec
2512 507 2614 570 di-

469 639 598 705 gna
616 663 635 697 ,
671 631 744 680 ut
772 614 937 680 Galli
965 617 1214 706 (quem
1241 617 1503 680 maximi
1531 639 1785 706 semper
1814 615 2109 682 fecerunt
2138 614 2275 694 ejus
2302 613 2615 701 temporis

471 730 700 820 optimi
732 728 984 818 poetoe)
1019 731 1283 820 ingenio
1312 730 1791 795 adtribuantur.

1381 857 1563 911 Refert
1590 857 1951 921 Fontaninus,
1980 859 2014 910 1.
2032 877 2078 911 c.
2100 876 2219 930 pag.
2244 855 2327 922 45.

471 1021 650 1086 VIII.
706 1021 1010 1088 FRANc.
1057 1021 1480 1088 FLORIDUS
1512 1021 1870 1088 SABINUS
1903 1023 1973 1086 in
2010 1021 2319 1110 Apologia
2346 1022 2615 1111 Linguae

951 1175 960 1184 .
993 1161 998 1169 ·
1073 1127 1352 1211 Latinae,
1391 1152 1538 1220 pag.
1576 1134 1663 1217 49
1698 1130 2012 1218 Operum.

563 1273 850 1338 Cornelii
892 1273 1060 1338 Galli
1109 1274 1385 1362 scripta,
1436 1275 1729 1364 quamvis
1780 1272 2011 1337 durior
2059 1272 2385 1360 plerisque
2436 1269 2613 1334 visus

473 1381 703 1462 fuerit,
736 1381 986 1444 utinam
1020 1403 1156 1446 non
1189 1382 1452 1470 penitus
1475 1377 1998 1472 intercidissent!
2058 1378 2225 1442 Nam
2267 1399 2411 1465 quoe
2441 1376 2615 1440 iuius

475 1486 742 1550 nomine
789 1481 1361 1569 circumferuntur,
1399 1487 1604 1551 nihilo
1650 1487 1868 1550 minus
1888 1533 1908 1568 ‚
1945 1507 2139 1573 quam
2180 1500 2463 1548 veterem
2496 1505 2615 1546 an-

475 1592 810 1679 tiquorum
865 1591 1247 1681 elegantiam
1299 1595 1721 1685 leporemque
1771 1591 2035 1679 sapiunt
2058 1639 2077 1673 ,
2132 1605 2208 1654 ut
2264 1611 2341 1653 ex
2388 1588 2616 1678 primis

476 1711 760 1785 quatuor
801 1698 1132 1763 versiculis
1181 1700 1392 1788 quivis
1443 1699 1547 1763 vel
1592 1697 2005 1762 mediocriter
2057 1697 2125 1759 in
2172 1695 2361 1760 bonis
2407 1695 2617 1783 poetis

475 1818 762 1868 versatus
779 1852 797 1885 ,
827 1803 1226 1869 nebulonem
1254 1806 1537 1894 aliquem
1564 1804 1736 1869 illam
1764 1803 1954 1870 nobis
1980 1803 2203 1867 faecem
2235 1801 2617 1884 obtrusisse,

403 1985 414 1992 ,
477 1931 600 1973 acu
619 1955 638 1990 ,
675 1907 856 1996 quod
887 1909 1104 1992 aiunt,
1141 1925 1405 1999 tangere
1441 1910 1667 1998 possit.

477 2087 592 2150 IX.
659 2087 815 2152 LIL.
873 2085 1128 2152 GREG.
1167 2085 1621 2151 GYRALDUS
1679 2086 1761 2150 de
1820 2086 2069 2151 Poetar.
2118 2085 2267 2150 hist.
2310 2083 2457 2150 dial.
2498 2085 2624 2168 lv,

1131 2207 1286 2255 tom.
1328 2193 1390 2286 II
1438 2191 1610 2281 Opp.
1645 2215 1791 2282 pag.
1828 2215 1975 2258 210.

563 2339 837 2404 Miratus
865 2360 1012 2403 sum
1045 2335 1482 2427 quorumdam
1516 2337 1987 2428 impudentiam
2007 2389 2025 2422 ,
2054 2362 2136 2404 ne
2160 2337 2371 2404 dicam
2394 2361 2622 2403 amen-

480 2447 635 2510 tiam
672 2445 806 2533 (1),
851 2447 966 2535 qui
1011 2445 1346 2511 tralatitios
1382 2446 1703 2535 quosdam
1746 2464 1812 2511 et
1852 2447 2199 2512 ementitos
2232 2470 2457 2513 versus
2489 2447 2621 2511 sub

478 2550 641 2616 Galli
678 2566 886 2639 poetoe
919 2552 1186 2615 nomine
1221 2550 1605 2635 ediderunt,
1629 2574 1839 2642 quum
1873 2553 1941 2616 in
1976 2553 2054 2618 iis
2093 2576 2307 2642 neque
2343 2552 2623 2641 phrasis»,

477 2679 598 2721 nec
633 2672 891 2745 tempus
926 2656 1110 2722 Gallo
1145 2658 1537 2721 conveniant
1556 2706 1574 2739 ,
1620 2659 1736 2747 qui
1788 2658 1983 2723 tertio
2024 2674 2091 2723 et
2124 2658 2625 2747 quadragesimo

476 2786 608 2828 suae
657 2765 858 2829 aetatis
893 2787 1106 2848 ann0,
1143 2787 1260 2829 sua
1300 2764 1558 2830 sibimet
1592 2788 1791 2829 manu
1825 2782 2105 2830 mortem
2138 2766 2512 2847 accersivit,
2548 2767 2623 2830 in

476 2870 555 2934 iis
583 2887 798 2936 autem
834 2893 904 2935 se
935 2892 1156 2935 senem
1190 2870 1518 2935 describit.
1552 2869 1681 2935 Sed
1713 2886 1835 2935 nec
1866 2872 1934 2935 in
1967 2872 2295 2961 plerisque
2324 2870 2629 2937 versibus

477 2998 682 3064 purus
735 2992 798 3041 et
844 2977 1134 3041 sincerus
1177 2992 1274 3041 est
1317 2998 1534 3041 sermo
1580 2976 1883 3061 Latinus,
1919 2978 2081 3066 quin
2128 2993 2193 3043 et
2230 2974 2625 3066 syllabarum

481 3104 682 3145 morae
702 3129 720 3162 ,
772 3098 838 3145 et
893 3098 1184 3171 tempora
1239 3084 1426 3146 metri
1486 3083 1659 3172 leges
1714 3105 2215 3172 nonnumquam
2274 3082 2631 3149 excedunt.

483 3185 856 3251 Maximiani
891 3209 1047 3252 vero
1068 3234 1087 3268 ,
1126 3188 1460 3276 nugatoris
1508 3186 1843 3267 cujusdam
1888 3204 1955 3253 et
1986 3188 2330 3253 nebulonis
2365 3187 2586 3276 potius
2608 3238 2631 3271 ,

481 3312 712 3359 eorum
751 3315 975 3357 versus
1020 3292 1282 3382 plurimi
1316 3308 1492 3356 sunt.
1533 3292 1619 3357 Et
1650 3294 1703 3357 si
1738 3293 1867 3359 hoc
1896 3294 2094 3360 avetis
2134 3316 2356 3377 nosse,
2394 3316 2471 3360 ex
2508 3318 2632 3359 ve—

551 3470 633 3539 (1)
663 3469 958 3542 Gyraldum
999 3470 1082 3525 his
1111 3470 1284 3525 verbis
1319 3470 1605 3543 respexisse
1632 3470 1701 3523 ad
1736 3471 1999 3524 Crinitum
2018 3508 2035 3535 ‚
2072 3452 2291 3543 ejusque
2323 3468 2393 3524 de
2424 3468 2635 3543 Elegiis

485 3556 794 3610 Maximiani
819 3556 1084 3628 judicium
1099 3598 1117 3625 ‚
1145 3576 1424 3631 perperam
1459 3570 1511 3611 et
1545 3578 1792 3631 perverse
1820 3558 2028 3631 judicat
2057 3559 2307 3613 Bailletus
2321 3600 2339 3627 ‚
2361 3565 2637 3627 Jugemoeoe

485 3650 574 3698 des
607 3650 849 3710 Savum,
893 3656 1026 3699 tom.
1055 3646 1138 3699 111
1167 3644 1236 3701 de
1255 3644 1397 3701 Poet.
1425 3648 1543 3699 Lat.
1571 3665 1721 3700 num.
1756 3654 1910 3718 1147.
1954 3647 2055 3701 Cui
2077 3647 2362 3720 respondet
2378 3648 2637 3715 Moneta,

485 3732 679 3787 Adnot.
716 3731 783 3785 ad
821 3732 1135 3797 Bailletum,
1171 3745 1226 3788 et
1259 3734 1316 3787 in
1357 3733 1724 3806 Menagianis,
1763 3752 1882 3805 pag.
1920 3736 2019 3800 34²
2043 3772 2059 3798 ,
2093 3735 2311 3799 dicens,
2352 3736 2636 3791 Crinitum

483 3842 659 3895 neque
685 3820 1012 3875 nominatum
1052 3840 1163 3877 esse
1201 3841 1234 3876 a
1267 3823 1531 3895 Gyrald0‚
1556 3840 1729 3894 neque
1756 3822 2019 3877 nominari
2054 3824 2287 3896 potuisse
2326 3826 2461 3878 iuter
2498 3844 2597 3879 eos
2612 3866 2633 3891 ‚

483 3911 578 3984 qui
619 3910 936 3964 Maximiani
987 3910 1192 3982 Elegiae
1238 3912 1397 3965 Corn.
1442 3912 1595 3965 Gallo
1638 3910 1950 3975 tribuerint,
1997 3930 2155 3983 quem
2204 3913 2419 3968 sciverit
2472 3915 2637 3985 paria

487 4018 666 4053 seeum
697 3999 917 4055 sensisse
937 4038 950 4063 ,
976 4011 1024 4053 et
1045 4001 1198 4072 plane
1217 4001 1454 4073 rejecisse
1471 4041 1487 4070 ,
1519 4018 1633 4073 quae
1656 4019 1749 4053 sua
1772 4012 1921 4078 oetate
1945 4002 2043 4055 suh
2064 4003 2279 4056 nomine
2306 4003 2463 4055 Corn.
2482 4002 2637 4057 Galli

485 4086 846 4160 adparueriut.
