2964 4690
517 380 656 461 224

1275 383 1903 488 ΜΑΧΙΜῙΑΝΙ

615 504 753 570 Hos
786 525 1126 595 superesse
1164 527 1331 587 rear,
1357 504 1605 597 quibus
1638 519 1707 572 et
1746 503 2079 598 spirabilis
2120 529 2258 590 aer,

710 612 801 679 Et
834 608 984 695 lux,
1009 633 1140 703 qua
1177 612 1497 705 regimur,
1532 613 1833 683 redditur
1871 616 2013 708 ipsa
2048 614 2313 709 gravis?

612 722 762 813 lpse
797 719 1034 806 etiam,
1073 722 1332 789 cunctis
1374 724 1633 816 requies
1680 725 2092 818 gratissima,
2137 749 2409 794 somnus

706 828 980 914 Avolat‚
1025 843 1090 898 et
1129 854 1274 898 sera
1310 830 1421 899 vix
1452 833 1621 901 mihi
1660 848 1858 902 noete
1900 833 2095 903 redit.
2575 861 2651 900 250

609 939 732 1008 Vel
769 941 822 1008 si
861 938 1136 1009 lassatos
1173 965 1491 1036 umquam
1522 942 1911 1039 dignabitur
1946 959 2165 1030 πως,

705 1048 1046 1119 Turbidus
1084 1049 1253 1122 heu!
1293 1054 1561 1145 quantis
1601 1053 1829 1123 horret
1871 1055 2307 1148 imaginibus!

609 1157 843 1229 Mollia
877 1158 1089 1245 fulcra
1117 1161 1247 1230 tori
1280 1160 1465 1230 duris
1504 1177 1662 1232 sunt
1694 1165 2000 1234 cautibus
2034 1189 2222 1261 aequa
2249 1192 2265 1236 z

706 1273 916 1340 Parva
949 1268 1138 1356 licet,
1169 1295 1489 1368 magnum
1517 1271 1714 1367 pallia
1746 1273 2010 1369 pondus
2038 1275 2303 1346 habent.

609 1382 836 1473 Cogor
875 1404 996 1473 per
1030 1380 1320 1450 mediam
1365 1382 1675 1472 turbatus
1710 1409 1985 1479 surgere
2024 1401 2287 1456 noctem
2307 1440 2327 1474 ,
2574 1413 2653 1452 ‚⁵⁵

709 1487 1062 1584 Multaque
1085 1543 1102 1576 ‚
1133 1515 1220 1560 ne
1250 1492 1466 1586 patiar
1498 1490 1826 1564 deteriora
1846 1547 1865 1582 ,
1904 1495 2062 1590 pati.

515 1719 685 1772 tristes
713 1735 1002 1772 memorem
1023 1720 1281 1789 gemitus,
1299 1721 1433 1828 quid
1445 1731 1533 1775 ιω·
1624 1724 1827 1776 monuit
1850 1722 2091 1795 Heynius
2126 1723 2197 1776 V.
2228 1721 2289 1775 C.
2329 1721 2398 1774 ad
2436 1737 2645 1774 tersum

516 1797 601 1851 dia
631 1797 876 1850 mentis».

590 1885 708 1948 ²47.
743 1881 871 1928 Reor
889 1877 958 1930 V.
984 1879 1042 1928 R.
1067 1881 1238 1945 quibus
1268 1894 1343 1932 esc
1369 1884 1534 1948 spira·

517 1959 626 2009 bilis
649 1957 792 2010 R.L.
819 1954 889 2008 G.
918 1985 988 1996 —
1014 1959 1262 2024 Spt'rabt'lis
1291 1979 1396 2024 aer,
1427 1957 1460 2012 ὶ.
1490 1977 1538 2014 e.

515 2035 718 2103 vitalis,
755 2054 866 2108 quo
902 2035 1164 2106 spiramus
1194 2046 1246 2089 et
1271 2036 1501 2090 vivimus
1524 2077 1541 2104 ‚

511 2115 788 2187 quomodo
825 2115 1053 2186 adpellat
1093 2114 1346 2187 Calpurn.
1375 2117 1538 2177 vm,

517 2197 602 2249 36.
640 2194 916 2267 Virgilius,
953 2198 1075 2248 AEn.
1103 2197 1214 2264 111,
1243 2200 1377 2263 600,
1412 2195 1541 2250 dicit

513 2277 628 2327 coeli
650 2279 879 2344 spirabile
912 2281 1074 2329 lumen
1089 2317 1106 2344 ‚
1138 2275 1326 2329 eodem
1352 2293 1509 2329 sensu
1523 2313 1539 2340 ‚

513 2356 639 2428 quia
657 2361 817 2408 lumen
838 2376 939 2428 pro
969 2374 1116 2417 aere,
1146 2356 1230 2411 vel
1258 2374 1406 2409 aura.

584 2442 702 2503 349.
744 2440 808 2487 Ec
844 2440 965 2497 lux,
1015 2452 1118 2503 qua
1158 2437 1400 2505 regimur,
1431 2452 1539 2506 qua

513 2514 762 2580 efficitur,
795 2523 855 2565 ut
882 2472 1194 2579 videamus,
1224 2512 1539 2573 sentiamus,

511 2611 760 2666 agamus,
789 2586 1120 2646 moveamur.

590 2676 866 2740 249.1psa
903 2675 1050 2723 etiam
1094 2672 1163 2723 A.
1199 2670 1277 2722 Pi.
1323 2670 1537 2741 Bipont.

521 2758 634 2821 Ipse
657 2752 724 2805 V.
751 2754 816 2807 R.
846 2751 908 2804 L.
935 2753 1004 2805 G.
1027 2750 1092 2803 B.
1112 2749 1179 2803 O.
1208 2748 1354 2821 quod
1383 2748 1539 2801 etiam

517 2832 631 2887 vult
657 2831 981 2895 Withofius,
1003 2848 1058 2903 p.
1089 2830 1212 2883 318.
1241 2860 1310 2873 -—-·
1333 2831 1539 2897 Requies

518 2914 809 2980 gratissima
832 2930 1051 2963 somnus.
1090 2908 1250 2962 Ovid.
1279 2908 1407 2961 Met.
1431 2906 1511 2959 XI
1527 2946 1541 2971 ,

516 2990 620 3043 633
640 3008 654 3042 :
680 3014 703 3035 ·
725 2990 919 3043 Somne
935 3030 951 3056 ,
974 2987 1124 3059 quies
1147 3004 1322 3039 rerum
1337 3026 1352 3053 ,
1373 2985 1541 3057 placi·

417 3086 430 3098 ·
519 3069 966 3136 dissime,somne,
978 3068 1201 3119 Deorum
1211 3102 1226 3127 ,
1238 3064 1348 3117 Pax
1363 3064 1545 3131 animi,

522 3166 684 3221 quem
711 3166 838 3200 cura
867 3146 1000 3217 fugit
1013 3170 1054 3195 n.
1069 3142 1218 3196 Idem
1235 3162 1300 3197 ex
1323 3142 1473 3195 Pont.
1496 3145 1541 3209 1,

522 3248 580 3291 3,
598 3226 662 3291 43
678 3248 693 3279 :
720 3254 747 3273 α
762 3226 971 3298 requies
997 3222 1363 3294 medicinaque
1379 3224 1545 3293 pubii-

521 3326 582 3359 cs
611 3325 750 3360 curoe
789 3307 1016 3359 Somnus
1037 3326 1080 3357 ιι.
1112 3304 1304 3357 Seneca
1323 3339 1339 3365 ,
1386 3302 1542 3355 Herc.

519 3386 624 3438 fur.
651 3404 702 3438 ν.
743 3387 912 3438 1068:
947 3410 970 3431 ι
990 3383 1184 3456 Tuque
1219 3400 1253 3434 o
1286 3380 1537 3449 domitor,

517 3467 730 3529 Somne,
771 3465 1032 3516 malorum
1051 3500 1067 3526 ,
1109 3460 1319 3533 requies
1341 3460 1532 3521 animi,

521 3544 648 3597 Pers
672 3543 920 3595 humano
939 3542 1127 3593 melior
1153 3539 1270 3591 vitae
1288 3566 1329 3591 a.

592 3622 711 3675 350.
751 3624 962 3671 Αῠνοὶαε
1005 3620 1073 3673 G.
1113 3619 1172 3672 B.
1209 3617 1304 3671 Pu.
1353 3618 1432 3671 Pi.
1461 3618 1537 3671 Ο.

518 3708 702 3757 Avolat
722 3702 786 3753 V.
811 3701 874 3753 R.
895 3699 992 3752 Gr.
1021 3699 1138 3771 Bip.
1165 3716 1214 3751 ee
1243 3720 1371 3752 sana
1399 3701 1459 3752 L.
1492 3718 1537 3751 a.
1564 3740 1569 3746 .

521 3802 589 3835 m.
611 3798 711 3836 sec.
733 3811 800 3822 —
820 3783 1028 3845 Avolae,
1058 3779 1252 3833 deserit
1281 3798 1382 3832 me.
1416 3779 1539 3831 Ala-

519 3878 632 3916 tum
649 3859 778 3932 fingi
797 3858 1054 3911 Somnum
1074 3878 1100 3910 a
1123 3859 1316 3930 poetis,
1345 3860 1400 3911 in
1427 3858 1541 3912 vul-

519 3960 616 4013 gus
666 3950 853 3993 notum
905 3950 998 3991 est.
1035 3939 1216 3992 Multis
1259 3950 1537 4010 poetarum

519 4023 647 4075 iocis
667 4018 928 4089 congestis
951 4018 1054 4071 hoc
1067 4017 1347 4071 illustravit
1367 4017 1537 4071 Brou-

517 4102 766 4164 khusius,
790 4111 840 4153 et
863 4099 967 4153 alia
991 4118 1146 4170 super
1171 4117 1228 4150 ea
1256 4116 1315 4151 re
1333 4096 1541 4153 erudite.

1624 1801 1855 1866 Tibulli,
1884 1802 1971 1865 11,
1998 1819 2043 1862 ι,
2072 1819 2175 1870 90.
2206 1800 2481 1873 «Postque
2503 1801 2651 1853 venit

1628 1881 1817 1934 tacitus
1832 1882 1992 1936 fuscis
2010 1879 2369 1934 circumdatus
2384 1879 2479 1933 alis
2500 1879 2651 1932 som

1628 1979 1727 2013 nus
1746 1999 1762 2023 ‚
1780 1972 1831 2014 et
1853 1960 2055 2014 incerto
2072 1959 2278 2013 somnia
2298 1977 2435 2011 vana
2454 1957 2631 2030 pede·
2635 1997 2646 2007 .

1702 2040 1821 2092 353.
1852 2041 2083 2107 stirpibus
2106 2041 2158 2089 in
2186 2041 2387 2106 quantis
2406 2036 2473 2090 G.
2494 2039 2649 2088 curbi-

1628 2122 1719 2170 dus
1740 2119 1790 2170 ιἰι
1816 2121 2016 2187 quantis
2034 2118 2090 2170 B.
2117 2116 2195 2170 Pi.
2224 2117 2294 2169 Ο.
2322 2115 2528 2188 Bipont.
2554 2119 2650 2168 heu

1629 2200 1829 2266 quantis
1859 2198 1932 2250 V.
1962 2197 2055 2250 Gr.
2080 2197 2141 2248 L.
2171 2225 2241 2236 —-—
2267 2201 2441 2246 Horret
2470 2197 2649 2262 imagi-

1628 2279 1785 2328 m'bus.
1838 2274 1997 2329 ovid.
2050 2293 2115 2328 ex
2154 2273 2307 2326 Pont.
2347 2274 2405 2339 1,
2450 2292 2497 2338 3,
2548 2275 2613 2336 45
2633 2293 2649 2326 :

1631 2356 1887 2409 «Somnia
1916 2373 2002 2407 me
2026 2364 2225 2408 terrent
2241 2372 2418 2420 ,veros
2432 2354 2653 2406 imitan-

1630 2436 1701 2489 tis
1731 2452 1883 2489 casus
1900 2474 1914 2495 ‚
1942 2434 2011 2487 Et
2032 2434 2253 2506 vigilant
2264 2450 2447 2486 sensus
2462 2434 2516 2485 in
2532 2450 2651 2485 men

1628 2515 1823 2568 damna
1850 2514 1955 2567 mei
1978 2538 2023 2565 ι.
2052 2512 2252 2566 Tihuu.
2280 2514 2405 2576 111,
2447 2519 2507 2579 4,
2534 2513 2599 2566 55
2631 2532 2649 2566 :

1630 2594 1741 2646 «Et
1767 2610 1933 2665 quum
1960 2604 2016 2645 te·
2042 2593 2188 2646 fusco
2214 2610 2430 2645 somnus
2451 2592 2655 2645 veluit

1629 2673 1858 2735 amictu,
1905 2673 2120 2725 Vanum
2176 2671 2445 2725 nocturnis
2508 2672 2644 2723 fauit

1629 2750 1950 2822 imaginibus
1984 2776 2025 2804 ι.
2074 2749 2263 2803 Claud.
2306 2752 2459 2821 Rapt.
2496 2750 2651 2803 Pros.

1628 2829 1743 2893 111,
1781 2837 1879 2893 1²4
1906 2846 1920 2881 :
1962 2828 2216 2883 «Somnia
2248 2846 2383 2900 saepe
2428 2838 2653 2881 movent

1630 2908 1786 2961 variis
1806 2909 2030 2961 insausta
2049 2908 2234 2979 figuris
2252 2932 2296 2959 u.
2328 2938 2397 2947 —
2425 2909 2657 2975 Imagine-

1630 2988 1897 3059 aptissime
1914 2986 2048 3041 dixit
2060 3024 2076 3051 ,
2098 3006 2229 3059 quas
2244 2987 2417 3039 Varro
2432 3024 2447 3049 ‚
2464 2988 2519 3038 in
2540 2987 2657 3039 fra—

1632 3077 1847 3139 gmento
1872 3064 1941 3119 de
1959 3065 2219 3119 Gentibus
2236 3066 2513 3119 Caucaseis
2528 3084 2661 3117 som·

1631 3165 1819 3197 nutrias
1848 3146 2095 3215 'imagines
2130 3144 2257 3201 dicit
2282 3182 2299 3208 ,
2330 3144 2475 3217 quod
2510 3146 2661 3200 rese-

1631 3222 1858 3278 rendum
1891 3237 1968 3277 est
2006 3224 2073 3278 ad
2104 3224 2501 3296 phantasmata,
2528 3242 2661 3295 qun

1635 3304 1935 3357 Macrobius
1973 3304 2252 3370 describit,
2280 3302 2463 3355 Somn.
2502 3303 2655 3374 Scip.

1628 3402 1743 3456 cap.
1766 3390 1818 3446 4.
1846 3384 1941 3435 En.
1966 3431 1978 3441 ,

1703 3462 1825 3516 353.
1856 3464 2046 3513 Cote‘bm
2071 3480 2219 3529 oeqtm
2250 3460 2409 3515 B.·Pi·
2430 3462 2498 3514 Ο.
2528 3462 2659 3533 Bip.

1628 3544 1845 3593 catan'bus
1870 3542 1938 3592 V.
1961 3542 2019 3593 R.
2048 3540 2143 3593 Gr.
2162 3541 2228 3594 G.
2252 3560 2373 3613 qun
2399 3552 2662 3611 corrupte

1628 3621 1847 3694 proesert
1868 3624 2101 3673 ommibus.

1701 3700 1819 3764 354.
1850 3706 2087 3767 Magnum
2118 3702 2279 3768 pallia
2312 3704 2507 3767 pondus
2553 3703 2661 3751 lun-

1629 3785 1755 3831 bene.
1792 3780 1880 3831 Ab
1904 3778 2101 3831 Ovidio
2129 3777 2373 3847 sumpsit,
2406 3768 2499 3849 qui
2522 3778 2663 3833 Her.

1629 3860 1791 3921 XXI,
1828 3876 1965 3927 170:
2012 3861 2125 3909 «At
2158 3856 2319 3915 mihi,
2346 3857 2462 3909 ναξ
2502 3856 2671 3911 mise-

1628 3956 1701 3991 τω
1723 3978 1738 4001 ,
1783 3948 2053 3990 torrentur
2088 3936 2325 3987 febribus
2367 3946 2513 3988 artus
2536 3974 2552 3999 ,
2590 3939 2669 3990 Et

1628 4036 1715 4089 gra
1724 4019 1837 4071 vius
1853 4018 1995 4089 justo
2007 4014 2160 4089 pallia
2174 4012 2381 4086 pondus
2395 4015 2601 4068 habent
2612 4040 2639 4062 ·
2652 4056 2669 4069 .

1702 4096 1823 4151 256.
1850 4102 1929 4149 Ne
1949 4099 2133 4150 videar
2154 4096 2396 4147 decer-ium
2428 4090 2498 4146 G.
