2964 4690
674 380 923 449 VITA
972 383 1100 449 ET
1152 382 1418 449 ACTA
1471 380 2108 451 MAXIMIANI.
2325 375 2455 447 155

330 524 445 573 aut
468 510 665 595 Copae
690 509 1074 573 servientem
1108 510 1383 597 puellam
1404 558 1423 591 ,
1450 510 1836 598 intelligere,
1862 530 2008 597 quoe
2033 507 2456 573 tabernariam

330 614 667 679 exercebat
684 662 705 695 ,
750 630 817 679 et
862 616 1237 704 peregrinos
1284 614 1570 703 hospitio
1601 614 1978 703 excipiebat.
2017 613 2184 685 Natu
2231 614 2300 677 in
2333 640 2458 673 παν-

330 724 566 795 δοκείοις.
592 737 658 785 et
712 719 1081 787 diversoriis
1136 722 1418 787 tabernis
1472 722 1766 790 inventas
1821 744 1961 787 esse
2021 721 2159 801 ejus
2207 721 2460 809 generis

331 827 605 891 feminas
624 875 643 909 ‚
678 849 823 914 quae
876 828 1253 897 meretriciis
1302 828 1551 893 artibus
1603 828 1890 915 hospites
1937 824 2352 891 adu-aberent
2395 841 2461 892 et

332 933 695 1015 irretirent,
726 955 805 997 ex
833 934 1215 1022 antiquitate
1240 934 1393 1001 satis
1419 933 1717 1020 constat(
1725 932 1804 1020 1).
1850 934 1950 997 De
1987 932 2214 997 endem
2249 932 2424 1018 Copa
2442 980 2460 1012 ,

334 1038 509 1128 Eleg.
544 1038 654 1120 IV,
684 1063 745 1103 v.
782 1038 899 1122 54,
940 1038 1198 1105 videtur
1244 1040 1594 1129 conqueri,
1629 1062 1904 1127 eamque
1941 1038 2105 1103 leuce
2143 1036 2462 1103 vocabulo

332 1143 725 1233 significare,
764 1146 873 1209 uhi
906 1146 1000 1213 sic
1030 1147 1292 1211 scribit:

617 1312 730 1366 Hoc
754 1314 914 1367 etiam
940 1313 1237 1369 meminisse
1260 1312 1412 1367 decet
1427 1356 1441 1381 ,
1460 1313 1607 1387 quod
1632 1314 1794 1368 serior
1819 1326 1944 1367 otas

688 1402 901 1465 Intulit,
928 1412 981 1454 et
1004 1402 1258 1475 gemitus,
1286 1422 1420 1475 quos
1447 1402 1584 1455 mihi
1603 1402 1724 1456 lota
1747 1399 1914 1454 dedit.

334 1561 475 1625 Etsi
518 1561 693 1625 enim
726 1560 835 1626 hic
872 1584 1101 1627 omnes
1132 1563 1353 1651 scripti
1393 1578 1459 1627 et
1491 1562 1708 1626 excusi
1737 1560 1886 1628 libri
1921 1560 2148 1650 legunt
2179 1560 2334 1624 loeta
2369 1560 2469 1626 vel

336 1666 465 1731 hta
478 1714 501 1748 ,
528 1666 633 1731 vix
663 1681 877 1731 tamen
916 1668 1077 1734 mihi
1116 1666 1346 1733 videor
1370 1687 1636 1750 sensum
1671 1688 1904 1733 sanum
1933 1682 1999 1732 et
2025 1664 2400 1756 expeditum
2433 1688 2470 1729 e

336 1792 531 1837 versu
556 1771 683 1835 isto
708 1794 905 1860 posse
928 1795 1193 1856 eruere,
1230 1774 1357 1838 nisi
1390 1770 1538 1837 Iena
1575 1774 1805 1862 legam.
1832 1773 2156 1861 Loquitur
2179 1772 2358 1837 enim
2385 1770 2470 1836 de

336 1878 579 1941 seriore
598 1893 783 1943 aetate
806 1902 921 1943 sua
936 1926 955 1961 ,
980 1902 1179 1967 quam
1204 1898 1425 1968 postea
1452 1897 1828 1947 narraturus
1855 1895 1955 1945 est
1975 1878 2217 1945 insanis
2242 1877 2471 1966 puellae

339 1982 675 2047 lenociniis
720 1984 1139 2049 succubuisse
1162 2034 1181 2067 ,
1230 2008 1427 2073 quam
1478 2003 1816 2073 propterea
1863 1984 2129 2052 minime
2165 1983 2474 2051 convenit

338 2084 557 2153 loetam
600 2087 839 2153 dicere.
890 2093 978 2155 At
1010 2089 1157 2153 lena
1195 2091 1249 2155 si
1296 2092 1578 2179 legatur,
1612 2089 1908 2155 videmus
1941 2090 2280 2155 mulierem
2315 2087 2476 2153 desi-

338 2194 525 2282 gnari
542 2242 559 2275 ,
586 2216 729 2281 quae
754 2216 906 2262 eum
926 2242 945 2276 ,
976 2195 1283 2261 seriorem
1316 2212 1568 2261 oetatem
1587 2218 1796 2283 quum
1824 2210 2045 2285 >ageret
2059 2242 2080 2275 ,
2100 2193 2472 2270 meretriciis

338 2297 587 2366 artibus
616 2300 1073 2383 circumvenit,
1107 2316 1175 2365 et
1210 2302 1491 2392 puellam
1531 2302 1718 2368 istam
1756 2302 2016 2367 Graiam
2036 2350 2057 2384 ,
2098 2300 2180 2366 de
2211 2322 2342 2389 qua
2373 2321 2474 2366 se-

342 2420 587 2492 quente
620 2405 833 2497 Elegia
862 2407 1189 2496 loquitur,
1224 2408 1638 2490 subornavit,
1667 2407 1853 2488 cujus
1877 2407 2192 2474 illecebris
2218 2423 2286 2472 et
2305 2427 2476 2473 amo-

342 2510 524 2576 ribus
562 2511 818 2600 periret.
854 2513 1039 2578 Hanc
1072 2513 1196 2579 sibi
1230 2537 1381 2581 vere
1414 2513 1572 2580 dicit
1599 2517 1864 2601 gemitus
1887 2513 2158 2596 dedisse,
2189 2513 2320 2578 hoc
2343 2527 2440 2576 est
2455 2560 2474 2593 ‚

342 2638 633 2682 mussant
670 2617 793 2682 sibi
834 2620 1153 2684 malorum
1189 2619 1391 2686 fuisse
1409 2669 1428 2703 ,
1470 2621 1708 2709 quibus
1753 2621 2176 2709 ingemiscere
2215 2641 2478 2684 necesse

342 2737 531 2785 esset.
576 2723 789 2810 Atque
836 2723 958 2788 hos
1009 2725 1289 2814 gemitus
1330 2725 1469 2813 ipse
1507 2747 1658 2788 mox
1700 2725 2087 2812 insequente
2115 2723 2338 2814 Elegia
2365 2723 2476 2788 de-

342 2841 579 2890 cantat.
632 2827 865 2918 Magna
911 2844 1052 2893 tum
1104 2830 1413 2918 temporis
1460 2851 1804 2919 ganearum
1850 2844 1916 2893 et
1951 2829 2359 2916 lupanarium
2397 2829 2475 2891 li·-

342 2931 551 2998 centia
570 2934 1131 3024 Constantinopoli
1155 2952 1293 3001 erat
1308 2984 1327 3018 ,
1352 2937 1746 3025 copiosaque
1763 2937 2076 3000 lenonum
2095 2951 2162 2998 et
2179 2935 2473 3000 lenarum

342 3039 619 3121 familia,
650 3040 826 3105 unde
856 3042 1152 3120 submitti
1182 3059 1248 3106 et
1276 3042 1594 3107 venditari
1630 3041 1973 3107 libidinum
2005 3041 2322 3129 mancipia
2353 3063 2475 3130 po-

342 3161 558 3211 terant
589 3144 670 3209 ad
699 3146 1165 3236 illaqueandam
1212 3149 1604 3215 advenarum
1648 3149 2171 3239 imprudentiam.
2207 3146 2476 3214 Probari

342 3251 473 3316 hoc
500 3275 537 3316 e
568 3252 862 3340 pluribus
892 3255 1053 3319 locis
1086 3256 1479 3345 scriptorum
1511 3257 1680 3321 illius
1713 3255 2024 3345 temporis
2045 3304 2064 3338 ,
2101 3271 2168 3320 et
2202 3252 2477 3318 maxime

342 3379 381 3420 e
410 3355 733 3448 Procopio
764 3359 847 3426 de
878 3360 1043 3427 aedif.
1078 3363 1243 3429 Just.
1276 3379 1343 3428 et
1366 3363 1610 3430 Anecd.
1640 3364 1790 3429 hist.
1823 3379 2054 3451 potest.
2091 3361 2218 3426 Sed
2244 3361 2477 3450 legatio

342 3461 451 3526 illa
500 3463 895 3530 Maximiano
943 3491 981 3531 a
1028 3460 1441 3536 Theoderico
1493 3469 1792 3534 mandata
1813 3517 1832 3550 ,
1889 3491 2186 3556 quaenam
2234 3484 2303 3533 et
2343 3490 2477 3555 quo

344 3583 641 3655 tempore
672 3589 971 3665 suscepta
997 3575 1192 3638 fuerit
1214 3623 1231 3656 ,
1268 3575 1487 3662 paullo
1511 3576 1874 3648 accuratius
1901 3573 2162 3638 videtur
2187 3595 2480 3661 quaeren-

342 3671 525 3770 dum.
574 3674 741 3740 Nam
778 3677 833 3742 si
866 3679 1209 3746 historicos
1245 3705 1317 3746 ea
1350 3680 1433 3745 de
1470 3705 1541 3745 re
1573 3681 1975 3746 consulimus
1997 3729 2015 3761 ,
2052 3681 2269 3770 plures
2303 3679 2478 3769 lega-

344 3779 555 3844 tiones
588 3780 861 3872 legimus
888 3807 925 3848 a
940 3784 1351 3852 Theodorico
1373 3787 1455 3852 ad
1476 3787 1762 3852 Orientis
1785 3787 2214 3878 Imperatores
2252 3785 2475 3858 missas

342 3908 519 3967 esse,
543 3903 607 3950 et
630 3887 695 3952 in
720 3889 822 3956 his
848 3892 1005 3958 alios
1032 3895 1377 3960 memorari
1402 3896 1644 3984 legatos
1661 3943 1680 3977 ,
1710 3895 1962 3960 nullum
1989 3893 2474 3960 Maximianum.

416 4093 495 4160 (1)
534 4093 773 4164 Amplius
798 4101 899 4157 hoc
930 4104 1149 4175 exposui
1170 4103 1305 4176 (huj.
1334 4103 1460 4158 edit.
1486 4115 1524 4156 t.
1548 4106 1605 4168 1,
1629 4117 1828 4175 parta,
1857 4123 1975 4175 pag.
1999 4101 2120 4155 615.
2141 4103 2274 4170 En.)
