2964 4690
608 385 855 451 VITA
906 385 1034 452 ET
1087 384 1356 452 ACTA
1407 379 2049 450 MAXIMIANI.
2260 374 2391 446 153

279 514 416 576 rino
467 512 688 576 Boetio
710 561 728 593 ,
777 511 930 576 Viro
978 512 1315 576 Consulari
1339 561 1358 594 ,
1414 507 1806 576 familiariter
1848 531 2042 574 usum
2092 529 2229 572 esse
2248 555 2267 590 ‚
2318 530 2395 570 ex

278 618 406 682 istis
435 619 672 706 Elegiae
703 619 797 681 111
823 617 1116 682 versibus
1143 619 1384 706 liquet:

549 756 650 810 Hic
669 756 803 809 mihi
828 776 1136 829 magnarum
1159 759 1418 812 scrutator
1442 757 1669 809 maxime
1694 773 1870 808 rerum
1884 793 1899 818 ‚

621 842 778 897 Solus
799 883 813 910 ,
837 844 1054 912 Bobeti,
1086 845 1188 898 fers
1217 847 1493 898 miseratus
1521 861 1698 916 opem.

548 931 682 984 Nam
705 950 873 1003 quum
900 951 988 984 me
1013 932 1154 986 curis
1181 933 1439 986 intentum
1463 951 1604 1004 saepe
1627 929 1861 995 videres,

617 1019 730 1072 Nec
754 1037 933 1091 posses
952 1037 1192 1074 caussam
1213 1038 1428 1074 noscere
1448 1018 1666 1072 tristitia
1684 1058 1700 1084 ,

544 1105 780 1160 Tandem
805 1109 1160 1180 prospiciens,
1186 1109 1277 1161 tali
1306 1127 1388 1161 me
1415 1119 1563 1180 peste
1584 1107 1751 1160 teneri
1770 1147 1785 1173 ,

617 1195 836 1248 Mitibus
859 1195 1121 1268 adloquiis
1145 1195 1375 1266 paudere
1401 1195 1575 1248 clausa
1592 1195 1763 1268 jubes.

351 1317 448 1379 Ex
479 1315 583 1380 his
615 1315 866 1382 indiciis
901 1317 1153 1382 Delrius
1190 1317 1257 1379 in
1304 1317 1477 1381 notis
1518 1314 1601 1380 ad
1640 1315 1897 1380 Senecae
1932 1314 2392 1403 Hippolytum,

270 1444 410 1510 pag.
441 1421 532 1508 93
553 1469 574 1502 ,
611 1421 958 1488 Goldastus
989 1423 1230 1511 praefat.
1261 1421 1345 1488 ad
1375 1422 1695 1486 Catalecta
1725 1419 1977 1503 Ovidii,
2009 1442 2159 1483 cum
2187 1439 2397 1506 eoque

271 1527 584 1591 Daumius
633 1528 818 1616 epist.
851 1526 936 1591 ad
983 1528 1238 1592 Reines.
1273 1551 1438 1592 nux
1461 1575 1480 1609 ,
1517 1526 1695 1590 haud
1749 1540 1989 1590 temere
2042 1526 2354 1614 colligunt
2375 1571 2394 1602 ,

270 1633 730 1698 Maximianum
775 1648 1072 1698 nostrum
1114 1643 1373 1714 σύγχρονον
1407 1632 1797 1697 Theodorici
1828 1632 2019 1720 Regis
2047 1647 2113 1696 et
2142 1630 2394 1694 Boethii

269 1738 480 1802 fuisse.
509 1737 642 1802 Sed
655 1736 836 1826 quod
858 1737 941 1803 ad
958 1739 1454 1803 familiaritatem
1477 1738 1615 1818 ejus
1640 1760 1791 1801 cum
1813 1737 2087 1802 Boethio
2114 1736 2393 1816 adtinet,

269 1841 542 1906 dubium
587 1843 893 1908 adversus
944 1866 1086 1908 eam
1135 1845 1401 1909 Moneta
1450 1845 1521 1906 in
1570 1841 2003 1934 Menagianis,
2047 1865 2189 1932 pag.
2226 1840 2353 1907 338
2374 1890 2393 1923 ,

271 1964 508 2028 movet,
533 1971 744 2036 quum
773 1971 852 2012 ex
875 1948 1226 2014 variatione
1250 1948 1535 2013 nominis
1556 1947 1807 2031 Boethi,
1835 1949 1901 2011 in
1922 1947 2394 2034 exemplaribus

271 2053 546 2141 vulgatis
593 2053 1020 2143 reperiunda,
1077 2077 1220 2142 quae
1277 2070 1352 2119 ut
1391 2053 1748 2141 plurimum
1802 2054 2086 2118 habeant
2136 2053 2391 2133 Bobeti,

270 2172 402 2222 tum
436 2157 676 2222 exinde
708 2161 899 2224 etiam
921 2207 940 2242 ,
973 2160 1155 2248 quod
1186 2159 1529 2224 verisimile
1562 2182 1699 2222 non
1732 2161 1847 2242 sit,
1877 2160 2015 2223 viro
2042 2175 2175 2222 tam
2199 2155 2393 2221 docto

270 2279 327 2326 et
356 2265 631 2354 sapienti
653 2312 671 2347 ,
709 2281 805 2348 et,
839 2265 1019 2354 quod
1050 2267 1160 2330 hic
1199 2267 1476 2330 maxime
1509 2264 1995 2330 adtendendum
2030 2281 2163 2347 est,
2199 2265 2391 2329 etiam

268 2371 512 2457 optimo
549 2388 758 2459 poetae
779 2419 798 2453 ,
843 2373 1049 2459 qualis
1086 2374 1281 2437 fuerit
1317 2372 1661 2453 Boethius,
1695 2390 1934 2437 arctam
1969 2372 2131 2437 adeo
2171 2371 2395 2435 amici·-

273 2476 412 2540 tiam
451 2475 856 2543 intercedere
883 2478 1173 2566 potuisse
1211 2500 1360 2542 cum
1393 2478 1739 2545 miserabili
1767 2478 2196 2545 versificatore
2214 2526 2233 2559 ,
2270 2477 2394 2542 ho·

269 2583 434 2651 mine
463 2581 740 2651 indocto
771 2598 839 2647 et
862 2582 1044 2647 fatuo
1063 2631 1082 2665 ,
1118 2584 1374 2671 qualem
1403 2583 1541 2671 ipse
1572 2581 1770 2647 habet
1794 2584 2280 2648 Maximianum.
2306 2585 2394 2647 At

267 2708 412 2751 vero
459 2704 694 2752 monet
746 2688 1094 2755 Goldastus
1115 2738 1134 2771 ,
1180 2688 1316 2753 duo
1368 2689 1643 2778 scriptos
1692 2689 1947 2754 codices
1998 2707 2063 2754 et
2109 2706 2392 2753 veterem

267 2792 620 2857 editionem
649 2794 1072 2857 parisiensem
1114 2794 1324 2883 legere
1369 2795 1631 2876 Romi,
1663 2810 1729 2858 et
1750 2844 1768 2876 ,
1810 2794 1991 2882 quod
2017 2796 2086 2857 in
2122 2794 2393 2881 vulgatis

266 2916 390 2981 ωε,
419 2898 678 2977 Βοόετὶ,
718 2922 856 2963 esse
895 2922 932 2963 a
967 2922 1166 2963 manu
1195 2900 1422 2987 Pomp.
1467 2900 1749 2964 Gaurici.
1784 2903 2003 2988 Atque
2035 2921 2158 2989 ego
2194 2898 2390 2963 adfir-

263 3026 436 3069 mare
481 3026 754 3092 possum
773 3053 791 3081 ‚
840 3004 909 3067 in
959 3004 1405 3093 antiquissima
1451 3005 1735 3069 editione
1784 3006 2163 3073 Germanica
2182 3053 2201 3087 ,
2248 3028 2391 3092 quae
2466 3028 2482 3057 1

261 3110 340 3172 ad
373 3132 612 3175 manus
651 3126 786 3193 est,
839 3126 904 3174 et
948 3111 1014 3173 in
1059 3110 1319 3175 duobus
1353 3112 1837 3199 manuscriptis,
1864 3135 2159 3201 ,quorum
2196 3113 2391 3177 colla-

258 3214 468 3279 tiones
487 3216 728 3295 habui,
750 3216 916 3279 clare
931 3218 1364 3305 perscriptum
1389 3232 1633 3281 exstare
1649 3218 1864 3298 Boeti;
1890 3240 2101 3306 neque
2117 3218 2393 3283 dubium

257 3335 354 3383 est
377 3321 574 3401 mihi,
607 3322 780 3385 inter
808 3321 1023 3409 plures
1050 3320 1312 3385 fraudes
1344 3321 1638 3404 Gaurici,
1668 3324 1905 3410 quibus
1924 3324 2394 3388 Maximianum

251 3444 592 3491 auctorem
636 3426 860 3490 tollere
895 3428 1138 3503 voluit,
1172 3428 1364 3491 etiam
1388 3428 1558 3492 hanc
1584 3428 1781 3493 fuisse
1802 3477 1820 3511 ‚
1850 3445 1927 3493 ut
1952 3452 2191 3495 nomen
2215 3430 2403 3493 Boeti

249 3529 316 3592 in
354 3531 701 3599 obscurius
735 3547 799 3594 et
829 3530 1114 3621 ignotius
1145 3532 1370 3595 Bobett
1400 3551 1881 3621 corrumperet,
1916 3556 2127 3622 eoque
2156 3535 2393 3617 aetatis,

247 3656 383 3721 qua
430 3636 699 3699 vixisset
747 3652 1012 3717 auctor,
1065 3636 1407 3725 vestigium
1453 3636 1719 3704 deleret.
1765 3638 1861 3703 Ad
1898 3639 2171 3703 alterum
2214 3640 2395 3728 quod

243 3742 536 3827 adtinet,
571 3745 924 3810 Boethium
963 3746 1146 3809 illum
1199 3770 1507 3836 magnum
1541 3748 2007 3837 philosophum
2040 3766 2105 3814 et
2130 3766 2391 3837 poetam

239 3908 512 3950 sexcenta.
559 3896 684 3969 Ipse
727 3896 887 3951 video
933 3898 986 3949 in
1031 3899 1264 3969 margine
1303 3900 1616 3972 exemplaris
1651 3902 1754 3952 mei
1778 3903 2063 3955 Variarum
2098 3900 2397 3954 cassiodori

239 3986 426 4037 notari
477 3985 760 4040 lectionem
812 3988 1002 4039 veteris
1051 3990 1416 4041 membranae:
1467 4015 1491 4032 α
1520 3990 1630 4041 viro
1677 3990 1862 4042 illustri
1915 4004 1965 4043 et
2015 3990 2235 4043 Antlreae
2284 3988 2395 4041 viro

243 4072 500 4131 senatori
523 4101 566 4126 n.
