2964 4690
1135 341 1581 438 ELEGIAE.

2284 388 2413 433 201

488 490 643 558 Non
678 509 782 554 res
819 485 890 554 in
924 486 1160 556 vitium
1185 540 1204 574 ,
1247 487 1364 556 sed
1407 486 1579 556 male
1614 488 1785 556 facta
1820 487 2090 556 cadunt.
2373 513 2423 551 ⁵0

400 595 777 690 Intrepidus
811 619 1245 690 quaecumque
1279 596 1536 682 forent,
1570 597 1655 664 ad
1690 611 2047 690 utrumque
2078 595 2370 665 ferebar:

493 705 838 775 Cedebant
872 705 1098 774 animo
1129 707 1343 775 tristia
1387 723 1629 776 cuncta
1672 731 1843 776 meo.

397 815 784 910 Pauperiem
819 813 1086 885 modico
1118 829 1470 886 contentus
1505 839 1765 910 semper
1805 815 2053 902 amavi,

491 929 578 996 Et
619 949 840 995 rerum
879 924 1188 995 dominus
1218 925 1312 994 nil
1345 927 1678 1021 cupiendo
1708 927 1825 1010 fui.

397 1039 503 1106 Tu
545 1061 656 1104 me
690 1034 828 1104 sola
860 1035 985 1104 tibi
1029 1035 1295 1123 subdis,
1331 1037 1705 1108 miseranda
1736 1050 2069 1122 senectu3‚
2112 1039 2119 1046 “
2368 1057 2418 1095 ⁵⁵

489 1145 614 1214 Cui
643 1145 853 1232 cedit,
881 1144 1208 1239 quidquid
1235 1147 1497 1216 vincere
1523 1161 1762 1216 cuncta
1792 1160 2027 1240 potest.

391 1257 474 1324 In
501 1267 566 1322 te
590 1254 1001 1342 corruimus3
1037 1268 1150 1324 tua
1181 1271 1338 1325 sunt
1365 1281 1797 1351 quaecumque
1827 1256 2176 1326 fatiscunt:

298 1474 513 1524 valuisse
541 1475 778 1524 Catonem
793 1507 810 1535 ,
832 1471 915 1524 his
941 1473 1204 1543 respicere
1229 1475 1306 1526 vi-

297 1549 446 1604 detur
463 1551 622 1604 verba
647 1549 880 1616 Horatii,
900 1549 1077 1602 Carm-
1095 1550 1206 1618 111,
1225 1570 1312 1618 21,

303 1647 360 1680 η
399 1647 415 1682 ε
465 1654 492 1676 ι
507 1629 766 1682 Narratur
805 1639 857 1680 et
893 1627 1054 1699 prisci
1092 1629 1312 1683 Catonis

297 1707 437 1780 Soepe
463 1727 614 1760 mero
639 1707 857 1760 caluisse
900 1707 1067 1761 virtus
1089 1734 1131 1761 ι.
1165 1709 1316 1760 Eam-

297 1786 410 1840 dem
432 1787 634 1840 famam
663 1799 914 1858 sequutus
933 1787 1314 1854 Martialis,11,

301 1867 404 1934 89:
443 1891 470 1911 ι-
489 1865 650 1930 Quod
683 1865 849 1918 nimio
885 1865 1084 1937 gaudes
1106 1880 1314 1931 noctem

299 1943 592 2014 producere
613 1944 768 2010 vino,
793 1944 1020 2016 Ignosco
1048 1960 1062 1996 ε
1091 1946 1279 2000 vitium
1297 1984 1313 2010 ,

295 2024 467 2078 Gaure
484 2061 504 2087 ,
529 2023 746 2076 Catonis
793 2022 1020 2077 habes».
1060 2024 1160 2078 Sed
1199 2026 1314 2096 opi·

297 2101 380 2154 nio
405 2102 550 2165 hoc,
585 2103 846 2155 Catonem
873 2120 931 2155 se
962 2102 1158 2174 largius
1186 2104 1313 2156 vino

295 2179 518 2233 invitare
545 2180 790 2247 solitum,
823 2179 954 2234 falsa
979 2181 1108 2248 suit,
1128 2182 1312 2254 judice

297 2257 447 2313 Dion.
483 2261 754 2313 Lambino
778 2259 847 2311 nd
872 2259 1078 2314 Horatii
1103 2261 1142 2312 l.
1163 2279 1213 2314 c.
1241 2261 1312 2314 Et.

297 2339 606 2395 Plutarchus
633 2341 752 2394 vitae
775 2341 888 2413 ejus
919 2340 1162 2413 scriptor,
1199 2353 1313 2394 tum

297 2421 398 2491 ipse
411 2422 549 2474 Cato
565 2419 708 2492 apud
723 2420 832 2473 Cic.
857 2418 924 2473 de
953 2420 1135 2475 Senec.
1158 2439 1208 2474 c.
1232 2428 1315 2488 14,

299 2498 562 2565 adfirmat,
605 2498 920 2551 delectatum
973 2518 1096 2552 eum
1134 2500 1313 2552 convi-

301 2577 386 2630 viis
414 2578 742 2642 vicinorum,
773 2575 1018 2631 aviditate
1060 2578 1312 2632 sermonis

297 2675 412 2708 cum
435 2656 682 2728 plurimis
709 2655 983 2721 miscendi,
1002 2657 1070 2711 ad
1093 2658 1312 2711 multam

299 2749 502 2788 noctem
533 2734 831 2809 productis.

361 2815 449 2868 50.
472 2820 582 2867 Nec
601 2835 680 2867 res
698 2815 764 2867 L.
791 2818 883 2866 sed
910 2816 1207 2883 malafacea
1239 2818 1308 2869 V.

299 2906 346 2946 et
359 2892 426 2947 G.
447 2894 624 2947 minus
653 2894 804 2947 hene.

364 2976 450 3027 51.
474 2978 567 3026 Ad
579 2974 1042 3041 utrumqueserebar
1061 2974 1134 3027 V.
1163 2974 1224 3028 L.
1239 2977 1305 3027 A.

299 3051 368 3103 Pi.
385 3052 456 3105 Ο.
490 3053 994 3119 quacumquesorem
1015 3054 1310 3121 adver-safe-

299 3134 456 3181 rebam
488 3132 555 3182 R.
583 3130 656 3184 G.
680 3162 750 3171 --
780 3135 868 3181 Ad
887 3146 1145 3199 utrumque
1164 3134 1310 3199 fere·

299 3215 402 3273 bar,
417 3212 621 3263 malum
645 3228 794 3282 aque
817 3228 879 3262 ac
907 3210 1106 3263 bonum
1125 3252 1140 3277 ,
1165 3208 1309 3283 quod

301 3289 426 3341 mihi
463 3288 791 3361 contingeret
813 3308 827 3343 :
877 3290 1084 3359 utrique
1122 3290 1312 3342 obvius

300 3366 488 3419 fiebam
501 3380 751 3440 prompto
770 3382 820 3422 et
839 3368 1101 3439 intrepido
1115 3370 1309 3423 animo.

367 3448 448 3498 52.
475 3450 654 3499 Tristia
683 3466 889 3515 quoeqxoe
913 3448 973 3499 L.

367 3526 451 3589 54.
473 3530 538 3577 Et
563 3546 724 3578 rerum
743 3528 965 3578 dominus
986 3530 1060 3578 m‘l
1075 3530 1313 3595 cupiendo

288 3606 384 3669 fisi.
409 3606 486 3656 Ex
503 3618 685 3658 mente
703 3606 999 3659 Stoicorum
1019 3606 1118 3673 ait,
1135 3608 1312 3659 omnia

301 3701 357 3735 se
379 3684 646 3754 possidere
661 3722 677 3748 ,
697 3684 935 3737 omnium
954 3704 1131 3738 rerum
1147 3704 1202 3738 se
1222 3684 1315 3738 do-

303 3761 497 3814 minnm
520 3781 660 3823 esse,
682 3762 939 3835 siquidem
964 3763 1094 3815 nihil
1117 3764 1314 3835 cupiat,

305 3858 468 3910 neque
479 3840 642 3892 ullius
658 3841 736 3892 rei
754 3840 988 3911 indigeat
1003 3861 1018 3895 τ
1034 3842 1316 3914 respiciens

307 3920 434 3971 forte
445 3919 755 3972 sententiam
773 3920 998 3984 Horatii,
1015 3921 1190 3974 Carm.
1211 3920 1292 3972 111
1299 3959 1315 3983 ,

313 4002 391 4058 16,
439 3998 503 4051 25
531 4018 543 4051 τ
600 4025 624 4042 «ι
645 3999 722 4051 nil
765 3998 1090 4069 cupientium
1132 3999 1318 4051 Nudus

307 4088 469 4131 castra
509 4092 656 4151 peto.
680 4119 693 4130 .
716 4117 728 4128 .
781 4078 1112 4149 Contemptae
1156 4078 1319 4135 domi-

1397 1484 1497 1520 nus
1518 1466 1844 1539 splendidior
1855 1469 1963 1536 rei,
1979 1480 2081 1522 etc.
2116 1493 2139 1516 ι
2167 1467 2408 1522 Fortasse

1401 1565 1557 1597 rerum
1576 1549 1822 1599 dominum
1848 1547 2114 1620 adpellans
2148 1565 2324 1617 regem
2351 1566 2407 1600 se

1402 1643 1513 1679 esse
1532 1623 1688 1690 dicit,
1710 1627 1840 1680 nihil
1868 1625 2131 1698 cupiendo
2144 1666 2159 1693 ,
2186 1625 2305 1696 quia
2326 1646 2406 1678 re-

1400 1725 1506 1755 rum
1545 1709 1701 1773 potin*
1729 1705 1977 1758 dicuntur
2015 1724 2182 1777 reges.
2227 1705 2293 1757 Et
2336 1706 2411 1757 sic

1403 1783 1633 1838 imitatus
1666 1783 1873 1838 videtur
1910 1785 2189 1848 Senecam,
2234 1785 2327 1856 qui
2356 1785 2413 1836 iu

1401 1863 1619 1936 Thyest.
1668 1884 1721 1917 ν.
1758 1865 1861 1918 388
1906 1885 1919 1916 :
1962 1892 1989 1911 ιι
2011 1866 2123 1918 Rex
2164 1875 2273 1927 est,
2318 1863 2411 1936 qui

1403 1943 1585 1996 metuit
1608 1943 1777 1997 nihil:
1822 1946 1929 1997 Rex
1972 1957 2077 2012 est,
2116 1944 2209 2015 qui
2237 1944 2413 2014 cupiet

1399 2023 1552 2076 nihil.
1564 2023 1679 2076 Hoc
1688 2043 1911 2096 regnum
1921 2023 2020 2075 sibi
2036 2023 2256 2094 quisque
2268 2021 2359 2074 dat
2370 2048 2413 2074 ι».

1401 2103 1660 2156 Caeterum
1701 2103 1884 2155 ultima
1928 2101 1987 2154 in
2026 2105 2263 2169 cupiendo
2301 2119 2413 2152 cor·

1396 2193 1552 2253 repta
1586 2181 1861 2235 deterioris
1887 2180 1983 2234 aevi
2023 2178 2279 2233 indicium
2307 2193 2402 2232 est.

1397 2263 1554 2315 Conf.
1577 2263 1801 2316 Licentii
1825 2279 1987 2315 cal-m.
2008 2282 2061 2315 v.
2092 2280 2136 2313 1.
2160 2291 2229 2300 --
2252 2257 2409 2330 Apud

1399 2340 1653 2395 Ovidium
1674 2356 1848 2396 tamen
1868 2339 2033 2414 Epist.
2055 2340 2133 2394 IX
2147 2379 2162 2401 ‚
2192 2341 2289 2392 126
2305 2379 2321 2405 ,
2354 2337 2413 2389 in

1402 2422 1626 2493 vulgatis
1661 2421 1780 2475 edd.
1815 2422 2043 2494 legitur:
2088 2420 2238 2473 -Nec
2265 2417 2411 2472 venit

1401 2499 1609 2554 incultis
1626 2540 1643 2567 ,
1678 2514 1951 2574 captarum
1980 2520 2125 2554 more
2142 2541 2158 2567 ,
2186 2498 2415 2570 capillis,

1401 2578 1690 2632 Fortunam
1746 2580 1923 2633 vultus
1990 2580 2124 2632 fassa
2188 2574 2411 2647 tegendo

1399 2676 1523 2710 suos
1546 2680 1606 2723 »ς
1656 2658 1749 2729 qui
1806 2660 1955 2710 locus
2008 2676 2172 2727 quum
2224 2654 2414 2706 unicus

1399 2738 1543 2810 apud
1560 2739 1704 2791 hunc
1724 2753 1929 2809 poetam
1950 2736 2035 2800 sit,
2053 2756 2082 2788 a
2096 2734 2221 2787 viris
2245 2732 2415 2786 doctis

1398 2829 1641 2871 censetur
1701 2830 1983 2888 corruptus
2013 2854 2029 2880 ‚
2093 2830 2413 2886 quamquam

1401 2897 1655 2960 Vossius,
1688 2896 1755 2949 de
1788 2898 1898 2949 Art.
1933 2896 2170 2948 Gramm.
2208 2892 2296 2945 lib.
2324 2892 2412 2955 11,

1399 2994 1515 3048 cap.
1552 2994 1637 3047 27,
1675 2976 1821 3029 hunc
1854 2974 2139 3028 defendere
2175 2982 2418 3035 conatur,

1397 3054 1630 3108 adducto
1655 3055 1855 3107 Tibulli
1892 3072 2073 3118 versu,
2108 3051 2257 3122 Eleg.
2289 3051 2377 3102 111
2398 3090 2415 3113 ,

1399 3138 1431 3187 6
1449 3176 1464 3200 ,
1490 3136 1556 3187 3:
1591 3134 1778 3187 «auser
1811 3146 1863 3185 et
1897 3134 2007 3207 ipse
2033 3145 2186 3185 tuum
2216 3130 2415 3201 pariter

1399 3212 1715 3266 medicando
1752 3210 1989 3265 dolorem
2008 3238 2065 3278 a,
2112 3210 2202 3262 ubi
2240 3209 2415 3280 legen-

1401 3291 1529 3344 dum
1570 3304 1622 3344 et
1645 3294 1954 3345 medio-ande.
1983 3288 2252 3343 Juvenalis
2288 3306 2414 3341 vero

1399 3370 1508 3423 sat.
1529 3370 1641 3436 111,
1672 3370 1768 3423 232
1808 3371 2020 3437 (nostrae
2047 3368 2169 3420 edit.
2194 3380 2321 3419 tom.
2353 3368 2375 3417 1
2400 3405 2416 3429 ,

1400 3468 1456 3521 p.
1490 3449 1606 3503 158.
1634 3450 1793 3518 En.):
1824 3476 1851 3496 u
1874 3440 2141 3501 Pluriinus
2166 3448 2254 3499 hic
2280 3466 2417 3519 aeger

1401 3529 1623 3595 moritur
1640 3527 1936 3600 vigilando,
1965 3540 2061 3580 etc.
2080 3552 2104 3571 n
2141 3526 2238 3578 En.
2308 3526 2315 3533 ⁷

1471 3608 1559 3660 56.
1584 3611 1769 3659 Cuncta
1783 3612 1906 3660 solet
1922 3608 1985 3658 V.

1475 3686 1559 3755 57.
1596 3692 1656 3737 In
1696 3703 1743 3739 te
1769 3689 2048 3738 eormimus.
2080 3685 2198 3737 Tua
2232 3704 2420 3737 caussa

1404 3763 1464 3815 fit
1479 3804 1494 3829 ,
1512 3776 1571 3815 ut
1598 3784 1815 3835 corpore
1841 3765 1998 3835 plane
2018 3764 2281 3817 labefacto
2304 3782 2419 3833 pro·

1404 3844 1707 3896 cumbentes
1722 3842 2041 3895 occidamus.
2064 3845 2142 3895 Ita
2159 3842 2418 3896 Ausonius

1406 3922 1460 3974 in
1481 3922 1613 3974 Urb.
1650 3924 1723 3983 V,
1765 3922 1826 3974 13
1862 3942 1875 3975 z
1904 3922 2069 3976 «Mox
2102 3922 2233 3973 utin
2262 3939 2417 3973 occa·

1405 4019 1522 4053 sum
1546 4000 1681 4053 vitiis
1703 4002 2069 4053 communibus
2086 4000 2187 4052 acti
2203 4000 2419 4051 Con-rue-

1406 4092 1529 4131 runt
1550 4078 1694 4131 Poeni
1716 4081 1842 4132 luxu
1858 4118 1875 4143 ,
1904 4078 2187 4151 Campania
2217 4078 2349 4129 fastu
2376 4100 2416 4125 ι.
