2964 4690
1069 405 1200 472 DE
1248 403 1775 472 PALLADIO.
2404 404 2487 474 13

461 549 531 598 2⁰
557 532 816 598 Palladii
845 533 1069 598 Rutilii
1091 533 1286 597 Tauri
1313 531 1643 596 AEmiliani
1674 529 1756 595 de
1787 532 2103 598 Insitione
2118 579 2137 614 ,
2162 556 2315 598 cum
2335 535 2494 600 alio-

459 663 606 704 rum
645 639 933 704 villaticis
984 661 1180 704 carm.
1213 637 1286 702 3⁰
1324 637 1663 708 walafridi
1708 638 1921 702 Strabi
1964 637 2269 703 Germani
2320 642 2491 704 Hor-

459 746 636 809 tulus
653 793 670 826 ,
695 767 846 809 cum
887 744 1038 810 Auli
1083 743 1378 832 Septimii
1421 743 1647 808 Sereni
1696 742 1975 808 Moreto.
2027 743 2320 831 (Reliqua
2358 745 2489 810 vid.

459 850 634 939 apud
667 851 1060 934 Gesnerum,
1103 851 1170 914 in
1209 849 1433 915 Indice
1479 847 1677 936 edit.)
1720 849 1988 937 Lipsiae,
2025 847 2187 914 1655
2210 897 2229 930 ‚
2270 851 2433 916 in-8.

372 1013 435 1076 6.
465 1011 770 1076 Seorsum
803 1010 1050 1076 editum
1082 1001 1451 1076 Columellae
1485 1011 1767 1076 Hortum
1819 1012 2008 1076 etiam
2054 1011 2301 1077 habent
2344 1015 2491 1078 Col-

463 1117 771 1181 lectiones
795 1118 982 1181 variae
1002 1166 1021 1199 ‚
1050 1131 1125 1181 ut
1171 1115 1405 1182 Chorus
1431 1107 1777 1181 Poetarum
1806 1117 2107 1182 lustratus
2135 1131 2196 1182 et
2224 1117 2499 1184 illustra-

463 1235 592 1302 tus,
621 1224 752 1287 sive
799 1225 1052 1310 Corpus
1097 1221 1440 1287 Poetarum
1481 1216 1689 1287 Latin.
1728 1245 1881 1286 cum
1922 1223 2117 1288 notis,
2154 1222 2492 1312 Lugduni,

472 1327 660 1409 1616,
685 1327 848 1406 ἱππ-4.
878 1324 1074 1393 Mich.
1103 1327 1408 1392 Maittarii
1445 1327 1657 1418 Opera
1696 1325 2154 1416 etfragmenta
2180 1343 2305 1394 vet.
2319 1345 2492 1417 poet.

467 1433 675 1498 Latin.
699 1431 826 1496 vol.
861 1435 925 1513 1,
953 1457 1017 1522 p.
1053 1430 1537 1512 8003'C0llectio
1573 1434 1963 1497 pisaurensis
1997 1437 2273 1498 omnium
2293 1457 2495 1523 poem.

465 1559 660 1602 carm.
662 1535 924 1626 fragm.
953 1537 1095 1604 Lat.
1127 1554 1285 1603 tom.
1321 1539 1430 1621 IV,
1463 1559 1607 1627 pag.
1646 1535 1749 1602 83.

467 1717 554 1780 11.
599 1715 1020 1797 Pitumnum,
1047 1713 1348 1780 carminis
1395 1714 1476 1777 de
1530 1713 1929 1778 Ita-sidonibus
1962 1727 2293 1778 auctorem
2315 1761 2335 1794 ‚
2365 1712 2495 1794 jam

382 1819 878 1885 considet-emm.
933 1821 1026 1884 De
1075 1820 1260 1899 cujus
1310 1835 1532 1900 etate,
1568 1816 1943 1884 conditione
1987 1833 2053 1881 et
2100 1817 2459 1882 honoribus
2481 1867 2501 1900 ‚

383 1927 534 2014 quia
571 1927 734 1990 nihil
769 1925 928 1990 dum
963 1927 1134 1990 inter
1169 1924 1458 1994 eruditos
1496 1939 1673 1988 certo
1702 1939 1985 2004 constat,
2010 1922 2267 1987 videtur
2308 1924 2499 1990 nobis

382 2032 520 2112 ejus
551 2033 646 2094 rei
675 2031 1076 2120 inquirenda
1107 2031 1478 2122 diligentior
1512 2051 1667 2094 cura
1700 2029 1921 2092 relicta
1962 2051 2133 2109 esse,
2178 2052 2375 2116 quam
2414 2048 2503 2096 ta-

383 2157 536 2200 men
581 2136 1028 2223 perdifficilem
1062 2136 1278 2201 reddit
1323 2134 1674 2200 multitudo
1698 2135 2020 2216 virorum,
2050 2135 2165 2221 qui
2200 2136 2503 2222 aequiore

381 2256 566 2305 etate
597 2242 871 2305 Romani
893 2242 1146 2331 imperii
1167 2241 1430 2306 Palladii
1464 2255 1619 2305 sunt
1644 2239 1947 2328 adpellati
1966 2285 1984 2319 ,
2010 2261 2157 2326 quae
2182 2255 2357 2304 tanta
2382 2257 2503 2323 est,

383 2362 460 2411 ut
489 2348 543 2411 J.
569 2348 643 2411 A.
675 2345 1040 2429 Fabricius,
1068 2348 1227 2411 Bihl.
1267 2345 1505 2411 Graeeae
1546 2347 1659 2411 lib.
1684 2345 1765 2427 V,
1792 2367 1927 2433 cap.
1959 2343 2039 2409 32
2057 2392 2077 2426 ,
2095 2347 2341 2411 volum.
2372 2349 2503 2430 IX,

383 2472 526 2540 pag.
571 2474 650 2517 10
681 2474 816 2539 seq.
847 2451 1162 2517 Palladios
1193 2454 1350 2517 alios
1385 2454 1557 2517 ultra
1588 2450 2061 2539 quinquaginta
2086 2455 2499 2519 recensuerit.

385 2556 524 2621 Nos
553 2558 708 2623 olim
737 2558 898 2645 (huj.
927 2580 1034 2647 op.
1065 2576 1111 2623 t.
1143 2561 1208 2625 11
1227 2609 1247 2643 ,
1275 2584 1340 2647 p.
1377 2559 1505 2645 387
1540 2580 1721 2646 seqq.
1758 2558 1909 2645 En.)
1946 2558 2060 2623 ubi
2098 2556 2181 2623 de
2224 2560 2503 2625 Palladio

387 2662 668 2727 Rhetore
699 2664 1046 2752 agebamus
1063 2711 1082 2745 ,
1111 2663 1392 2729 diximus
1423 2662 1711 2727 diversos
1756 2662 1897 2743 ejus
1938 2664 2219 2727 nominis
2274 2664 2505 2730 doctos

387 2782 452 2831 et
493 2768 772 2833 illustres
802 2770 975 2833 viros
1023 2768 1151 2833 hoc
1185 2770 1332 2833 loco
1379 2784 1791 2833 enarraturos
1822 2790 1995 2848 esse3
2024 2768 2139 2831 sed
2172 2792 2352 2834 nunc
2384 2771 2505 2835 alia

387 2894 572 2937 mens
599 2890 698 2937 est
715 2923 733 2951 ‚
759 2890 826 2937 et
854 2874 1150 2939 inutilem
1173 2875 1342 2938 hanc
1363 2895 1631 2961 operam
1654 2872 1797 2936 fore
1822 2873 2135 2960 intelligo,
2164 2875 2505 2939 Diversum

387 3000 424 3041 a
449 2978 830 3043 scholastico
855 2979 964 3044 illo
985 2980 1245 3045 rhetore
1267 2979 1369 3043 vel
1395 2992 1615 3079 poeta,
1642 2999 1839 3066 quem
1862 2976 2145 3041 diximus
2162 3026 2179 3054 ‚
2205 2994 2503 3045 nostrum

387 3084 480 3147 rei
513 3086 764 3150 rusticae
799 3086 1180 3175 scriptorem
1219 3106 1385 3166 esse,
1417 3084 1625 3149 dubio
1658 3100 1865 3163 caret3
1898 3099 2123 3147 utrum
2154 3106 2310 3148 vero
2342 3086 2505 3151 alius

247 3194 258 3207 “
386 3189 530 3276 quis
561 3190 1031 3274 Palladiorum,
1068 3192 1183 3281 qui
1217 3191 1575 3277 antiquitus
1608 3190 2070 3270 nominantur,
2108 3212 2227 3278 pro
2259 3192 2503 3258 Nostro

387 3294 760 3377 habendus,
785 3320 867 3361 an
905 3298 1077 3362 nulla
1108 3298 1296 3385 plane
1325 3297 1444 3360 alia
1477 3298 1615 3376 ejus
1648 3296 1895 3360 mentio
1926 3296 2133 3384 prisca
2166 3310 2388 3379 aetate,
2422 3298 2505 3363 de

387 3398 516 3463 hoc
568 3400 799 3466 adhucr
829 3401 1108 3467 dubites.
1153 3403 1285 3486 Qui
1335 3422 1487 3467 eum
1535 3400 1845 3467 Hadriani
1878 3416 1993 3465 aut
2017 3403 2505 3468 Antoninorum

390 3520 680 3594 tempore
701 3508 930 3573 vixisse
959 3508 1410 3589 crediderunt,
1441 3506 1618 3572 haud
1646 3506 1844 3571 dubie
1876 3506 2017 3571 falsi
2046 3524 2219 3571 sunt.
2254 3510 2506 3590 Dietio,
2536 3494 2543 3501 ’

389 3626 453 3674 et
503 3612 703 3699 stylus
757 3631 822 3678 et
875 3631 1048 3680 totus
1105 3616 1424 3680 librorum
1463 3614 1603 3693 ejus
1649 3612 1915 3677 habitus
1946 3614 2257 3677 seriorem
2296 3616 2505 3677 multo

389 3731 640 3781 oetatem
659 3767 678 3801 ,
701 3737 770 3783 et
788 3720 1106 3787 infelicius
1129 3720 1481 3786 Latinitatis
1511 3718 1815 3783 saeculum
1838 3718 2175 3783 manifeste
2196 3719 2503 3807 produnt.

390 3822 619 3910 Neque
661 3827 980 3890 sententia
1025 3830 1100 3891 C.
1146 3824 1385 3891 Barthii
1409 3824 1529 3915 (ι),
1556 3845 1703 3913 quae
1732 3822 2130 3913 probabilior
2150 3824 2283 3887 visa
2314 3826 2507 3889 etiam

459 4040 538 4105 (1)
573 4036 655 4090 Ad
681 4037 841 4090 nmil.
865 4038 988 4091 ltin.
1009 4038 1064 4105 I,
1091 4041 1220 4102 206,
1256 4051 1312 4091 ut
1339 4048 1611 4110 cotnputat
1629 4077 1644 4104 ,
1684 4035 1773 4089 sed
1808 4048 1969 4089 nom.
1994 4034 2075 4088 ed.
2102 4038 2217 4089 208.
2240 4034 2367 4091 Vid.
2394 4034 2506 4111 huj.

389 4143 475 4195 op.
497 4136 628 4177 tom.
651 4126 754 4189 IV,
783 4144 834 4196 p.
864 4127 978 4178 108.
1003 4126 1100 4180 En.
