2964 4690
740 377 883 447 AD
931 376 1415 445 SYMPOSII
1467 372 2020 445 AENIGMATA.
2313 372 2450 444 303

326 510 647 575 Praeterea
674 506 994 573 luvenalis
1010 553 1029 586 ,
1054 505 1181 571 Sat.
1210 506 1292 587 V,
1320 508 1402 583 4:

608 665 664 720 Si
686 678 839 737 potes
868 664 959 717 illa
983 664 1118 737 pati,
1138 682 1256 736 quze
1274 683 1373 718 nec
1390 664 1695 718 Sarmentus
1713 664 1918 736 iniquas

608 754 827 807 Coesaris
848 752 915 807 ad
941 770 1172 817 mensas,
1196 771 1295 805 nec
1313 751 1431 805 vilis
1452 751 1626 805 Galba
1651 752 1890 820 tulisset(
1897 754 1964 822 1).

328 912 651 979 Eumdem
678 912 1015 1001 parasitico
1046 933 1231 976 more
1253 912 1516 977 solitum
1544 932 1681 975 esse
1707 914 1776 973 in
1806 909 2072 999 gratiam
2099 912 2462 979 Maecenatis

328 1042 637 1085 somnum
666 1017 1001 1099 simulare,
1032 1033 1248 1081 narrat
1280 1016 1659 1082 Plutarchus
1691 1026 1738 1077 iv
1767 1014 1994 1095 ἐρωτικῷ
2022 1016 2138 1105 (2),
2171 1019 2285 1105 qui
2309 1043 2460 1083 eum

326 1136 650 1204 γελωτοποιὸν
689 1123 987 1213 adpellat.
1029 1124 1347 1189 Coeterum
1371 1122 1568 1202 hujus
1597 1122 1814 1188 Galbae
1841 1121 2008 1187 dicta
2035 1124 2276 1213 scripto
2303 1148 2462 1191 con-

330 1231 577 1321 signata
612 1246 679 1295 et
708 1230 778 1294 in
810 1229 1101 1295 libellum
1141 1229 1405 1294 collecta
1448 1228 1808 1293 exstiterint
1852 1251 2109 1293 necesse
2143 1247 2274 1312 est,
2310 1233 2462 1318 quia

332 1334 445 1401 diu
472 1359 705 1403 eorum
740 1336 1053 1401 memoria
1076 1335 1281 1425 viguit
1299 1382 1318 1418 ‚
1350 1349 1415 1399 et
1440 1334 1522 1399 ab
1553 1335 1696 1423 ipso
1727 1335 2132 1417 Quintiliano
2155 1354 2464 1425 usurpata

330 1457 461 1523 est,
506 1443 623 1530 qui
664 1442 813 1506 libri
856 1441 945 1504 VI
984 1462 1121 1530 cap.
1166 1440 1203 1505 3
1223 1489 1242 1523 ,
1286 1440 1403 1504 ubi
1442 1438 1528 1505 de
1569 1438 1854 1505 ridiculis
1905 1456 1971 1505 et
2017 1442 2222 1507 facete
2273 1442 2461 1507 dictis

331 1547 593 1637 longam
653 1547 1159 1636 disputationem
1210 1546 1530 1627 instituit,
1581 1546 1800 1611 Galbae
1845 1545 2108 1613 dicteria
2159 1548 2461 1636 pleraque

326 1651 573 1733 judicat
628 1654 859 1718 lasciva
913 1667 978 1717 et
1028 1653 1254 1717 hilaria
1306 1674 1444 1717 esse
1462 1700 1484 1729 ‚
1541 1668 1606 1717 et
1649 1652 1952 1740 deinceps
1999 1653 2188 1741 plura
2233 1678 2462 1721 eorum

332 1759 627 1847 exempla
670 1758 939 1847 profert.
980 1757 1163 1823 Idem
1196 1757 1395 1822 Sextii
1422 1758 1664 1823 Caballi
1693 1758 1930 1823 salibus
1957 1758 2264 1849 obtigisse
2281 1808 2302 1841 ,
2336 1760 2462 1825 du·

336 1861 527 1927 bitari
552 1884 692 1927 non
716 1878 949 1951 potest.
975 1862 1234 1927 Etenim
1255 1861 1562 1927 Martialis
1607 1884 1718 1927 eos
1751 1884 1887 1927 non
1919 1885 2100 1950 aeque
2137 1886 2212 1929 ac
2245 1863 2463 1929 Galbae

338 1968 425 2031 ita
446 1966 709 2031 laudare
728 2013 749 2048 ‚
782 1983 859 2031 ut
883 1966 1057 2046 fecit,
1088 1980 1157 2030 et
1182 1966 1436 2031 Caecilio
1467 1988 1704 2031 scurrae
1735 1990 2070 2055 opponere
2101 1970 2422 2056 potuisset
2440 2016 2460 2052 ,

337 2073 461 2137 nisi
501 2072 761 2160 publice
805 2071 888 2136 ad
933 2071 1229 2137 notitiam
1265 2072 1564 2137 omnium
1593 2073 2028 2160 prostitissent
2045 2120 2064 2154 ,
2097 2090 2174 2138 ut
2203 2090 2469 2161 possent

336 2200 489 2241 cum
532 2176 909 2266 quibusque
956 2174 1095 2240 aliis
1140 2177 1519 2263 comparari.
1571 2178 1634 2243 N
1637 2200 1710 2241 ec
1744 2178 2088 2266 quisquam
2129 2179 2470 2245 mirabitur

339 2282 579 2351 multos
616 2280 937 2363 ejusmodi
972 2296 1405 2348 scommatum
1449 2300 1516 2349 et
1556 2283 1930 2353 facetiarum
1965 2284 2212 2350 libellos
2247 2286 2470 2352 Romae

342 2413 455 2478 per
492 2412 723 2456 manus
756 2405 824 2454 et
855 2412 968 2456 ora
999 2389 1346 2455 hominum
1381 2391 1678 2456 volitasse
1699 2439 1720 2472 ,
1753 2391 1868 2478 qui
1901 2392 2350 2458 Romanorum
2387 2393 2472 2458 ad

344 2491 639 2558 scurriles
670 2493 853 2572 jocos
886 2507 951 2556 et
976 2513 1202 2556 omnes
1228 2490 1484 2556 ridiculi
1516 2513 1720 2580 genus
1753 2515 2072 2558 summam
2105 2493 2469 2581 proclivita-

344 2613 475 2665 tem
505 2597 759 2662 noverit
780 2645 799 2681 ‚
845 2619 991 2686 quae
1023 2612 1201 2662 tanta
1230 2597 1395 2678 fuit,
1427 2611 1504 2660 ut
1546 2619 1682 2661 non
1727 2597 1940 2662 solum
1977 2598 2156 2678 fora,
2187 2598 2430 2678 judicia
2450 2648 2469 2681 ,

343 2703 591 2768 theatra
608 2751 627 2785 ,
655 2725 853 2770 coenae
880 2719 946 2768 et
972 2701 1265 2770 convivia
1295 2701 1371 2768 iis
1396 2717 1822 2790 personarent
1840 2750 1860 2783 ,
1891 2701 2006 2766 sed
2029 2719 2096 2768 et
2123 2703 2302 2767 domi
2329 2727 2476 2792 pro-

344 2829 525 2908 caces
558 2829 775 2874 vernae
792 2855 813 2891 ,
858 2823 923 2874 et
962 2808 1150 2897 pueri
1178 2806 1427 2874 dicaces
1448 2855 1467 2891 ‚
1513 2807 1754 2874 deliciae
1787 2805 1941 2874 dicti
1957 2857 1976 2890 ,
2009 2809 2332 2873 alerentur
2351 2857 2370 2885 ,
2407 2826 2474 2873 et

348 2915 415 2978 in
444 2915 575 2980 hoc
608 2915 825 3004 ipsum
858 2915 1355 2980 instituerentur
1374 2961 1393 2996 ‚
1425 2929 1502 2978 ut
1531 2911 1818 2980 ridicuh's
1836 2962 1859 2994 ‚
1895 2913 2162 3002 argutiis
2195 2929 2260 2977 et
2281 2914 2472 2994 jocu-

348 3019 585 3086 laribus
632 3020 941 3086 conviciis
981 3017 1293 3100 jaciendis
1346 3018 1608 3084 delicias
1659 3019 1792 3086 suis
1839 3017 2122 3084 dominis
2169 3021 2472 3084 iacerent.

348 3124 689 3217 Magistros
739 3149 877 3192 esse
923 3125 1247 3192 adhibitos
1290 3121 1375 3188 ad
1416 3147 1644 3190 eorum
1691 3124 2048 3212 nequitiam
2081 3122 2436 3191 acuendam
2457 3173 2476 3206 ,

348 3248 567 3320 aperte
597 3232 1023 3320 conqueritur
1053 3231 1295 3296 Seneca
1328 3227 1459 3316 (3):
1497 3261 1522 3286 α
1547 3230 1795 3304 Pueros
1835 3230 1902 3294 in
1943 3231 2072 3298 hoc
2112 3245 2477 3294 mercantur

352 3359 651 3423 procaces
674 3385 695 3418 ,
739 3355 804 3402 et
837 3359 1063 3402 eorum
1100 3334 1572 3425 impudentiam
1613 3352 1860 3403 acuunt
1877 3383 1898 3416 ,
1927 3351 1994 3400 et
2023 3336 2148 3400 sub
2177 3337 2480 3424 magistro

414 3561 493 3628 (1)
528 3557 783 3610 Nonnulli
808 3557 953 3630 apud
982 3558 1281 3613 Martialem
1318 3571 1371 3612 et
1395 3560 1709 3614 Iuvenalem
1747 3565 1917 3612 Gabba
1949 3561 2130 3633 legunt
2158 3581 2255 3633 pro
2284 3568 2444 3617 Galba
2462 3602 2479 3629 ,

350 3657 591 3712 auctore,
620 3657 681 3696 ut
711 3657 841 3718 puto
862 3682 879 3709 ‚
915 3645 1191 3700 scholiasta
1228 3646 1526 3716 Iuvenalis,
1568 3647 1662 3720 qui
1696 3659 1907 3712 narrat,
1953 3649 2204 3722 Apicium.
2238 3651 2479 3706 Gabbam

354 3731 584 3798 dictum,
616 3743 667 3786 et
706 3737 805 3788 sub
832 3733 1047 3788 Tiberio
1075 3753 1310 3788 scurram
1350 3735 1582 3787 nobilem
1626 3734 1804 3790 fuisse.
1847 3735 1950 3790 Sed
1989 3735 2210 3796 fortasse
2241 3750 2294 3791 et
2325 3741 2483 3792 lectio

354 3820 537 3876 scholii
566 3823 633 3878 ad
660 3823 971 3876 Juvenalem
1002 3822 1181 3877 vitiosa
1210 3835 1305 3877 est.
1327 3824 1394 3876 In
1413 3822 1684 3878 Plutarchi
1705 3825 1970 3880 nonnullis
1987 3826 2262 3880 codicibus
2287 3847 2482 3881 nomeu

354 3914 469 3984 ejus
490 3913 689 3974 Κάλῧας
717 3913 984 3979 scribitur,
1008 3914 1063 3966 in
1090 3913 1206 3966 aliis
1224 3911 1445 3974 laesae.
1717 3897 1722 3902 ⁸

422 4005 503 4071 (a)
537 4003 663 4055 Vol.
684 4003 761 4054 lx
788 4003 934 4075 Opp.
962 4001 1085 4055 edit.
1108 4001 1291 4055 Reisk.
1318 4020 1371 4072 p.
1396 4001 1481 4065 45.

426 4091 507 4161 (3)
542 4093 619 4145 De
644 4093 829 4146 Const.
853 4092 979 4164 Sap.
1010 4111 1123 4162 cap.
1153 4110 1231 4144 η.
