2964 4690
506 390 645 462 318
1241 386 1933 464 PROOEMIUM.

502 518 943 610 frigidiuscula
986 520 1117 585 visa
1170 538 1362 604 sunt,
1410 544 1544 587 non
1593 524 1712 587 alia
1761 526 2066 604 fuerunt,
2103 520 2298 612 quam
2343 546 2417 589 ea
2459 528 2597 616 ipsa
2619 576 2640 611 ‚

502 650 647 716 quae
688 646 915 691 excusa
954 626 1309 693 habemus:
1344 622 1492 716 qu'ae
1526 630 1578 691 si
1611 630 1716 693 ille
1751 627 1907 694 dicit
1937 629 2202 719 indigna
2229 632 2434 695 relatu
2461 634 2594 697 visa
2617 682 2639 715 ,

502 756 639 825 non
682 734 917 797 omissa
953 734 1023 796 in
1060 732 1249 797 editis
1290 733 1484 816 dicit,
1518 734 1633 798 sed
1663 758 1700 798 a
1731 752 1800 799 se
1821 756 1970 799 non
2005 737 2177 801 inter
2207 752 2453 818 vetera,
2491 760 2640 826 quae

496 854 885 929 exposuerat
902 886 921 920 ‚
963 837 1300 927 aenigmata
1343 860 1484 903 esse
1523 838 1743 903 relata.
1780 834 1966 905 Falso
2000 828 2199 930 igitur
2223 842 2490 906 Vossius
2521 844 2641 907 ad-

500 944 757 1011 firmare
786 944 1081 1027 videtur,
1112 960 1345 1033 praeter
1374 968 1445 1009 ea
1466 994 1485 1027 ,
1523 962 1670 1033 quae
1699 968 1934 1010 excusa
1964 945 2311 1028 habemus,
2341 949 2462 1013 alia
2485 952 2641 1015 satis

498 1050 727 1141 frigida
748 1098 767 1132 ,
808 1066 1005 1138 atque
1052 1050 1246 1114 etiam
1292 1050 1575 1114 obscena
1623 1070 1998 1138 superesse;
2038 1067 2153 1116 aut
2194 1052 2304 1119 ille
2343 1048 2640 1141 codicem

496 1156 788 1247 Msptum
822 1146 1239 1247 aenigmatum
1271 1149 1435 1220 vidit
1453 1203 1471 1237 ,
1507 1178 1704 1245 quem
1728 1156 1946 1221 adhue
1969 1179 2166 1221 nemo
2190 1159 2350 1224 alius
2367 1206 2387 1241 ,
2413 1161 2638 1225 multis

495 1264 706 1352 iisque
729 1263 951 1327 alienis
976 1262 1423 1352 aenigmatibus
1451 1278 1738 1326 auctum.
1773 1264 1941 1328 Nam
1973 1265 2118 1351 qu'ae
2149 1264 2430 1330 subinde
2451 1268 2641 1355 Sym—

491 1370 660 1459 posii
689 1356 1137 1459 aenigmatibus
1170 1366 1397 1432 adsuta
1428 1367 1818 1456 quibusdam
1847 1367 1916 1433 in
1939 1370 2408 1458 exemplaribus
2435 1389 2638 1436 manu

491 1476 761 1541 exaratis
794 1458 1277 1564 reperta'sunt„
1309 1494 1514 1563 pauca
1559 1496 1632 1538 ea
1677 1491 1868 1557 sunt,
1907 1468 2126 1562 neque·
2169 1478 2446 1543 omnino
2477 1478 2634 1543 obs-

494 1604 674 1647 cena.
699 1584 773 1645 ln
799 1581 1023 1647 codice
1040 1581 1494 1671 Lugdunensis
1518 1581 1924 1647 bibliothecae
1949 1583 2364 1671 symposium
2390 1631 2409 1665 ‚
2448 1586 2633 1651 velut

492 1688 867 1777 adpendicis
892 1690 1129 1770 instar,
1158 1704 1528 1777 sequuntur
1551 1690 1848 1777 quinque
1872 1690 1994 1753 alia
2024 1690 2360 1779 aenigmata
2381 1738 2400 1772 ,
2429 1708 2631 1756 tetra·

491 1796 694 1861 sticha
716 1843 735 1877 ‚
782 1811 849 1859 et
892 1796 1059 1883 stylo
1108 1795 1498 1861 barbarioris
1547 1796 1760 1862 saeculi
1801 1796 2160 1884 composita
2182 1843 2201 1878 ‚
2249 1818 2396 1884 quae
2443 1797 2629 1861 H‘eu—

490 1922 797 1981 mannuS,
830 1902 1015 1965 Praef.
1042 1902 1110 1963 in
1144 1902 1365 1989 Symp.
1389 1903 1621 1983 Lacus
1652 1902 1784 1983 LV,
1813 1902 2058 1966 recinit.
2087 1900 2269 1965 Idem
2301 1902 2370 1965 in
2399 1900 2627 1969 adnot.

487 2008 571 2073 ad
606 2008 764 2073 AEn.
806 2005 994 2073 XXV
1034 2008 1262 2089 refert,
1298 2010 1469 2072 inter
1504 2008 1632 2073 hoc
1673 2025 1739 2073 et
1771 2030 2048 2097 sequens
2080 2009 2298 2074 XXVI
2347 2010 2417 2073 in
2455 2011 2626 2075 anti·

486 2112 1059 2202 quissimoncodice
1092 2111 1208 2177 MS
1244 2112 1600 2201 Anglicano
1631 2114 1948 2178 insertum
1981 2114 2103 2203 legi
2141 2113 2319 2179 aliud
2347 2116 2623 2205 aenigma

483 2221 562 2285 de
598 2220 856 2300 Pilace,
892 2220 960 2283 h.
996 2243 1051 2285 e.
1086 2218 1209 2283 fele
1237 2218 1536 2285 muribus
1570 2218 1898 2306 capiendis
1932 2220 2218 2300 intenta,
2261 2220 2436 2309 turpi
2479 2222 2627 2309 qui-

485 2327 633 2393 dem
656 2377 674 2408 ‚
724 2342 801 2391 ut
844 2326 949 2392 ille
985 2325 1111 2407 ait,
1159 2314 1487 2390 monacho
1531 2326 1874 2416 caliginosi·
1913 2327 2066 2409 aevi,
2107 2349 2306 2415 quam
2347 2326 2624 2416 eleganti

485 2447 750 2496 auctore
795 2447 1020 2494 nostro
1070 2429 1350 2520 dignius,
1397 2432 1474 2494 In
1519 2431 1805 2494 Perionii
1853 2447 1918 2495 et
1967 2432 2284 2496 Reusneri
2336 2430 2624 2504 editione

483 2535 853 2625 Symphosii
890 2535 1213 2623 aenigmati
1232 2535 1299 2598 X
1320 2533 1723 2602 de'Ph‘oenice
1757 2535 2098 2615 subjicitur
2127 2531 2302 2601 aliud
2331 2534 2622 2617 ejusdem

380 2715 383 2718 .
484 2641 847 2732 argumenti
873 2689 892 2724 ,
929 2639 1044 2704 sed
1074 2641 1327 2704 variatis
1357 2641 1570 2705 verbis
1591 2687 1610 2722 ‚
1645 2640 1726 2704 ab
1755 2639 1882 2704 alio
1913 2640 2089 2705 haud
2121 2641 2324 2706 dubie
2353 2657 2623 2708 auctore

485 2747 861 2813 imitationis
920 2769 1141 2810 caussa
1192 2745 1586 2839 adpositum.
1643 2747 1853 2812 Unius
1907 2747 2226 2835 Symposii
2284 2748 2422 2812 haec
2482 2747 2622 2814 duo

482 2856 821 2946 aenigmata
842 2876 981 2918 esse
1002 2853 1163 2916 falso
1186 2852 1410 2916 statuit
1434 2850 1735 2916 Bartbius
1759 2851 1871 2940 (1).
1891 2851 1996 2917 Sic
2018 2854 2224 2916 etiam'
2239 2854 2619 2918 Franciscus

446 3042 449 3045 Ι
478 2963 785 3027 Basuelus
812 2959 1000 3025 editis
1028 2959 1285 3022 Basileae
1311 2955 1477 3022 1563
1511 2957 1837 3045 Symposii
1863 2958 2311 3048 aenigmatibus
2337 2951 2617 3044 XLVII,

480 3066 562 3131 ad
598 3067 834 3131 calcem
882 3064 1155 3144 subiecit
1193 3064 1413 3132 nescio
1448 3064 1632 3144 cujus
1669 3064 1996 3151 scriptoris
2030 3064 2304 3154 aenigma
2341 3067 2616 3156 longum

482 3172 565 3236 de
600 3173 821 3260 pluma
856 3171 1228 3258 scriptoria,
1274 3183 1350 3234 ut
1378 3171 1576 3234 refert
1611 3169 1938 3234 Fabricius
1963 3171 2135 3244 Bibl.
2176 3171 2313 3237 Lat.
2355 3173 2613 3239 Ernest-

482 3292 643 3342 tom.
676 3278 773 3340 III
795 3325 813 3359 ,
852 3299 915 3365 p.
968 3273 1113 3345 256.
1150 3265 1381 3361 Neque
1420 3276 1664 3338 mirum
1705 3275 1988 3342 omnino,
2019 3274 2226 3342 videri
2265 3291 2512 3365 potest,
2555 3280 2611 3343 si

480 3382 698 3448 studio
716 3385 1054 3471 aenigmata
1082 3381 1405 3446 scribendi
1426 3398 1576 3470 post
1596 3383 2010 3471 symposium
2037 3383 2222 3448 valde
2247 3401 2610 3468 crescente,

479 3487 799 3574 siquidem
830 3487 1043 3552 medio
1079 3509 1214 3550 oevo
1251 3487 1470 3575 plures
1497 3487 1567 3550 in
1597 3509 1677 3550 eo
1705 3487 2118 3552 elaborarunt
2137 3538 2154 3571 ‚
2181 3490 2264 3572 si,
2297 3491 2567 3579 inquam
2588 3543 2608 3577 ,

480 3593 758 3669 librarii,
785 3593 1133 3681 Symposii,
1170 3591 1477 3681 principis
1519 3593 1588 3655 in
1619 3591 1748 3656 hoc
1784 3612 2019 3682 genere
2039 3643 2058 3676 ‚
2096 3594 2462 3685 AEnigmata
2489 3596 2609 3661 de·

480 3699 832 3764 scribentes
854 3733 885 3778 ‚·
901 3697 1177 3762 subinde
1222 3698 1341 3760 alia
1384 3692 1614 3762 similia
1660 3718 1738 3763 ex
1777 3699 1915 3764 aliis
1950 3699 2370 3789 scriptoribus
2400 3703 2606 3790 adpo-

480 3813 777 3871 suerunt.
812 3805 991 3886 Quin
1019 3804 1211 3869 etiam
1248 3802 1548 3869 ordinem
1575 3819 1640 3869 et
1671 3808 1902 3870 seriem
1925 3809 2336 3897 aenigmatum
2363 3809 2610 3876 librarii

481 3916 545 3977 in
590 3913 931 4001 Symposio
972 3909 1399 3976 describendo
1436 3909 1622 3975 valde
1657 3929 1993 3978 mutarunt
2021 3931 2085 3980 et
2118 3932 2568 4002 perverterunt
2585 3966 2608 3999 ,

547 4138 628 4206 (1)
664 4137 724 4188 In
751 4135 1019 4189 animadv.
1043 4135 1109 4189 ad
1129 4133 1404 4188 claudian.
1426 4133 1631 4187 Hanov.
1653 4137 1784 4186 1612
1803 4171 1821 4198 ‚
1851 4134 1964 4186 in·8
1981 4175 1995 4199 ‚
2017 4153 2070 4206 p.
2095 4137 2211 4202 469.
