2964 4690
771 382 904 450 AD
951 383 1252 452 CARM.
1288 382 1424 449 DE
1475 383 1601 450 RE
1650 383 1945 450 HORT.
2228 429 2258 468 ,-
2326 377 2417 450 25

291 507 634 596 praefixum
672 530 916 572 nomen
968 511 1034 572 in
1064 510 1450 599 Anthologia
1487 511 1621 574 Lat.
1658 510 1903 574 habent
1922 557 1941 590 ‚
1977 509 2227 573 Alcimo
2262 507 2413 574 Ale·

295 616 470 696 thio,
499 615 614 702 qui
641 615 725 678 ab
754 615 1038 680 Ausonio
1070 632 1136 680 et
1163 615 1434 680 Sidonio
1452 615 1727 705 Apollin.
1755 614 2075 696 laudatur,
2094 613 2417 678 vindican-

289 721 398 784 da.
425 721 593 802 Quae
615 719 938 786 deducere
960 722 1175 809 paullo
1201 722 1570 811 diligentius
1588 722 1799 804 volui,
1823 737 1897 786 ut
1922 743 2171 787 morem
2196 735 2416 785 meum

289 841 652 914 sequutus»,
682 826 834 892 data
871 827 992 892 hac
1040 828 1412 909 occasione,
1454 829 1687 894 veteris
1716 829 1833 892 aevi
1868 843 2127 916 poetam
2144 874 2165 908 ‚
2195 825 2415 890 minus

285 930 518 995 adhuc
545 932 882 1020 cognitum
901 981 922 1014 ,
959 933 1280 999 notiorem
1321 935 1559 998 nostris
1598 932 1975 997 hominibus
2005 932 2282 996 facerem
2301 979 2323 1013 ,
2352 948 2417 994 et

286 1060 442 1124 quae
488 1037 550 1100 ei
599 1035 926 1102 debentur
955 1039 1272 1121 carmina,
1302 1061 1505 1127 pauca
1534 1039 1683 1103 licet
1713 1055 1779 1103 et
1808 1060 2036 1127 parva,
2066 1035 2415 1100 indicarem

285 1160 356 1208 et
399 1142 856 1232 producerem.
889 1145 989 1208 De
1020 1145 1318 1232 reliquis,
1345 1167 1492 1232 quae
1540 1168 1693 1210 cum
1719 1144 1947 1209 Alcimi
1981 1143 2264 1208 carmine
2293 1143 2415 1206 hac

283 1251 497 1314 classe
529 1267 1026 1338 proponuntur,
1059 1250 1242 1314 nullo
1273 1251 1553 1314 auctoris
1589 1251 1854 1316 nomine
1883 1249 2187 1338 insignita
2206 1296 2225 1330 ,
2252 1247 2416 1311 nihil

283 1354 504 1419 habeo
536 1356 812 1442 praesu-i.
847 1355 1136 1442 Produxi
1166 1356 1382 1420 omnia
1414 1379 1495 1420 ex
1518 1356 1911 1445 Anthologia
1938 1354 2074 1421 Lat.
2111 1356 2417 1419 Burman-

283 1463 354 1524 ni
377 1511 396 1536 ,
419 1460 607 1540 cujus
635 1461 830 1525 etiam
863 1460 1390 1526 adnotationibus
1421 1462 1658 1526 criticis
1675 1511 1693 1544 ,
1716 1477 1781 1526 et
1800 1462 2101 1526 varietate
2124 1461 2416 1526 lectionis

277 1565 599 1648 adducta,
625 1565 746 1630 uhi
775 1588 944 1653 opus
971 1581 1098 1648 est,
1128 1582 1296 1649 utor,
1328 1566 1859 1655 interpretatione
1878 1566 2226 1631 verborum
2242 1614 2263 1648 ‚
2297 1588 2413 1629 cu-

271 1673 384 1752 jus
413 1673 522 1736 isse
555 1694 712 1736 raro
747 1670 990 1737 habere
1022 1693 1243 1736 curam
1275 1673 1437 1738 solet
1453 1721 1473 1754 ,
1510 1673 1895 1761 plerumque
1944 1671 2117 1738 solus
2152 1671 2412 1760 fungor.
