2964 4690
1172 373 1558 440 MEDEA.

2283 377 2412 459 481

402 498 746 589 Sparserat
776 507 842 560 et
878 491 1103 561 latices
1136 492 1476 563 simulatos
1513 491 1712 560 fontis
1747 495 2030 580 Averni,

401 608 844 699 Sanguineam
881 601 1151 671 volvens
1187 604 1393 672 aciem
1414 655 1433 689 ,
1468 603 1906 697 manibusque
1941 606 2230 675 cruentis

406 719 536 785 Pro
578 713 765 783 inolli
808 712 1011 800 viola,
1053 713 1399 807 casiaque,
1434 737 1762 806 crocoque
1800 713 2097 802 rubenti,

2349 743 2429 783 330

404 825 562 894 Urit
600 822 943 893 odoratam
987 824 1313 892 nocturna
1358 825 1427 891 in
1472 822 1725 892 lumina
1766 823 2071 912 cedrum,

408 933 839 1028 Scillamque‚
878 931 1329 1028 elleborosque
1370 958 1601 1028 graves
1621 987 1640 1020 ,
1675 949 1743 1002 et
1777 930 2028 1002 sulfura
2061 934 2246 1022 viva,

410 1045 731 1114 Obscuris
770 1067 921 1114 vera
964 1042 1340 1132 involvenS,
1378 1043 1813 1139 lacrymisque
1855 1046 2098 1114 coactis

388 1226 509 1280 328.
538 1231 797 1294 Sparserat
822 1240 869 1276 et
888 1228 1058 1277 latices
1079 1228 1331 1276 simulatos

296 1305 469 1374 sontis
496 1308 681 1359 Averni
696 1327 715 1355 .-
743 1306 816 1356 ita
848 1303 992 1356 edidi
1016 1321 1087 1366 ex,
1111 1303 1204 1356 lib.
1228 1303 1332 1368 IV,

317 1385 418 1437 512
442 1401 457 1447 3
500 1384 685 1438 vitiose
730 1383 785 1434 iu
829 1381 1038 1436 schedis
1084 1384 1334 1434 simulatos

294 1465 452 1532 fonte
492 1466 693 1516 Averni.
736 1462 864 1516 Sine
902 1461 1009 1515 ulla
1044 1461 1335 1514 variatione

314 1541 557 1598 adfertur
582 1541 741 1596 etium
768 1540 857 1594 hic
875 1559 1061 1595 versus
1078 1559 1109 1592 a
1125 1541 1331 1591 Donato

315 1619 387 1674 ad
414 1621 721 1674 Terentium
734 1658 751 1686 ‚
771 1619 1063 1672 Scholiasta
1096 1617 1301 1670 Horntii
1317 1653 1333 1679 ,

314 1712 373 1754 et
394 1699 629 1752 Mam-ob.
652 1699 759 1752 Sat.
784 1699 889 1765 111,
912 1715 965 1750 ι.

392 1779 510 1832 330.
524 1785 615 1829 Pro
629 1781 767 1830 molli
777 1780 919 1828 viola
928 1813 944 1837 ,
958 1779 1335 1844 casiaque‚cro·

316 1877 481 1925 coque
502 1859 703 1908 rubenti.
721 1853 894 1907 Prima
916 1872 1094 1908 versus
1123 1871 1245 1924 pars
1262 1863 1340 1904 est

318 1957 387 1991 ex
404 1935 517 1988 Ecl.
536 1936 601 2001 V,
623 1935 721 2000 383
745 1932 837 1987 sed
860 1933 1084 1986 alterum
1099 1931 1336 1985 hemisti-

319 2016 503 2068 chium
563 2012 705 2084 apud
762 2012 1036 2066 Maronem
1078 2029 1338 2081 nusquam

320 2093 553 2161 offendi,
576 2091 701 2146 licet
726 2090 947 2162 singulm
976 2109 1135 2146 voces
1160 2093 1339 2152 casia,

320 2193 466 2226 cmco
506 2184 561 2226 et
603 2174 821 2233 rubenti,
862 2169 1081 2224 diversis
1123 2167 1341 2240 quidem

321 2253 487 2314 locis,
519 2263 571 2303 et
598 2251 699 2303 alia
730 2249 979 2302 carminis
1022 2246 1177 2311 sede,
1202 2250 1342 2319 apud

320 2352 447 2386 eum
468 2342 771 2384 occurrant.
798 2327 997 2383 Confer
1010 2345 1139 2381 cum
1156 2325 1241 2379 his
1268 2326 1343 2379 lo·
1374 2336 1382 2345 ·

323 2430 448 2464 cum
462 2408 673 2479 Virgilii
690 2409 744 2460 in
768 2407 911 2469 ciri,
932 2426 981 2460 v,
1000 2408 1103 2474 369
1121 2418 1173 2458 et
1192 2423 1341 2478 seqq.

324 2505 627 2560 expressum
650 2506 715 2540 ex
735 2487 847 2539 Ecl.
862 2487 910 2538 V
938 2483 1253 2557 Daphnidis.
1274 2514 1345 2523 --

326 2573 579 2635 Cmeoque
591 2568 789 2618 rubenti.
813 2565 939 2618 Haec
970 2580 1185 2636 quoque
1216 2582 1345 2615 con·
1388 2574 1395 2583 ’

322 2648 498 2720 junxit
512 2647 781 2711 Julianus,
819 2645 971 2715 ep.V‚
991 2662 1045 2696 1:
1082 2668 1109 2689 α
1129 2640 1345 2693 Tithoni

325 2728 523 2799 conjux
560 2742 749 2777 croceo
782 2722 1007 2776 sublime
1034 2721 1229 2774 rubore
1257 2720 1350 2771 In-

328 2806 457 2858 fecit
479 2805 664 2858 caelum
694 2802 839 2855 lutea
874 2800 1137 2855 sidereum
1157 2826 1181 2845 a
1204 2820 1219 2865 ς
1257 2800 1348 2852 ubi

328 2897 506 2938 nmen
544 2881 633 2935 alii
673 2882 853 2951 legunt
902 2900 1054 2933 roseo.
1091 2879 1197 2932 Sed
1236 2878 1349 2931 haec

328 2982 466 3035 saepe
489 2970 873 3034 permutantur.
898 2958 1110 3013 Servius
1135 2958 1205 3011 ad
1230 2960 1351 3009 AEn.

331 3046 473 3110 vn,
514 3050 617 3098 26:
668 3069 691 3091 ι
710 3044 1055 3095 Homerus...
1085 3038 1353 3094 interdum

330 3122 707 3200 ῥοδοδάκτυλον,
742 3120 1007 3176 interdum
1026 3123 1351 3193 κροκόπεπλον

332 3204 464 3258 dicit
491 3206 749 3256 Auroram
772 3227 817 3253 ιι.
850 3199 1007 3253 Cous.
1026 3197 1189 3253 Ovid.
1214 3198 1352 3253 Fast.

334 3284 455 3345 111,
487 3283 607 3347 403.
634 3282 737 3335 En.

410 3363 531 3416 331.
572 3363 679 3413 Urit
716 3363 974 3411 odoratam
1010 3369 1251 3407 nocturna
1302 3357 1353 3405 in

336 3446 532 3497 Iumina
572 3444 784 3493 cedrum.
817 3438 1103 3508 Vulgatam
1146 3434 1357 3506 Virgilii

337 3523 619 3575 lectionem
660 3516 895 3590 pretuli,
933 3517 1057 3569 AEn.
1091 3515 1181 3567 lib.
1210 3514 1319 3566 v11
1338 3550 1355 3575 ‚

345 3603 445 3664 133
470 3619 595 3653 nam
623 3599 675 3650 in
700 3594 911 3651 schedis
931 3594 1091 3647 Salm.
1117 3606 1355 3645 nocturno

337 3684 391 3731 in
416 3681 597 3732 lumine
613 3715 630 3739 ,
658 3688 716 3729 ut
732 3674 999 3727 Mediceus
1014 3712 1030 3739 ,
1052 3683 1103 3723 et
1124 3670 1216 3724 alii
1241 3670 1355 3722 Ma-

342 3759 487 3810 ronis
523 3755 727 3809 codices
764 3753 991 3805 hahent:
1034 3766 1269 3802 nocturno
1303 3752 1355 3801 in

341 3839 510 3889 limine
530 3822 647 3888 erni
666 3834 721 3885 in
745 3832 929 3885 codice
956 3828 1107 3883 Leid.
1134 3828 1226 3882 sed
1258 3845 1357 3899 pro

342 3916 560 3986 vulgata
586 3912 901 3965 Arusianum
936 3908 1187 3963 Messium
1222 3918 1359 3959 stare

342 3992 555 4047 notavit
568 3990 827 4044 Heinsius.
841 3989 971 4061 Ejus
988 3988 1143 4041 verba
1160 3996 1283 4039 sunt
1297 4002 1359 4038 ex

1417 1245 1518 1277 rem
1551 1245 1648 1294 pro
1683 1245 1839 1277 causa
1866 1230 1996 1280 illius
2021 1230 2108 1278 rei.
2132 1227 2282 1300 Virg.
2302 1233 2422 1284 ΕΠ.

1420 1305 1548 1371 VII,
1566 1305 1661 1358 13:
1685 1307 1792 1356 Urit
1816 1311 2074 1358 odoratam
2104 1323 2345 1360 nocturna
2370 1313 2422 1362 in

1417 1386 1604 1435 lamina
1634 1388 1851 1436 cedrum.
1880 1384 2090 1438 Sallust.
2110 1386 2247 1439 Hist.
2271 1389 2426 1460 Frag.

1418 1461 1511 1513 lih.
1538 1463 1593 1513 1:
1629 1464 1923 1531 nt'sm‘umque
1937 1466 2154 1532 parcium
2189 1469 2339 1518 decess
2366 1471 2419 1519 in

1419 1545 1686 1593 mercedem
1741 1556 2014 1611 con-ceptum
2066 1557 2194 1596 erae.
2246 1544 2425 1598 Idem:

1420 1621 1618 1670 Etruria
1657 1624 1814 1672 omnis
1839 1640 1949 1671 cum
1984 1625 2165 1690 Lepido
2202 1641 2428 1692 suspecta

1419 1699 1470 1748 in
1497 1703 1746 1750 tumultum
1773 1713 1934 1750 erat».
1975 1700 2049 1751 Ita
2089 1699 2287 1767 scribe,
2322 1721 2430 1756 non

1420 1780 1471 1828 in
1515 1781 1735 1830 mutulen.
1781 1776 1885 1831 Sed
1928 1789 2060 1849 puto
2102 1779 2210 1832 illic
2251 1799 2428 1834 emen·

1421 1857 1656 1911 dandum
1684 1876 1794 1910 esse
1809 1897 1824 1922 ‚
1849 1863 1909 1909 In
1938 1861 2074 1910 illam
2098 1879 2198 1911 rem
2217 1881 2312 1928 pro
2340 1881 2430 1912 usu

1422 1943 1553 1991 illius
1578 1942 1652 1990 rei
1666 1979 1682 2003 ‚
1711 1937 1797 1992 vel
1813 1957 1907 2005 pm
1935 1941 1986 1989 in
2009 1959 2148 1990 usum
2173 1942 2301 1992 Hlius
2332 1945 2406 1993 rei
2415 1962 2433 1992 .-

1422 2018 1578 2072 docet
1617 2019 1758 2071 enim
1796 2019 1906 2070 vim
1957 2019 2343 2090 praepositionis
2381 2024 2432 2072 in

1424 2115 1546 2151 cum
1571 2108 1758 2168 quarto
1784 2113 1912 2149 casu
1942 2115 2040 2167 pro
2060 2097 2117 2148 in
2142 2096 2300 2150 finem
2317 2137 2332 2157 ,
2353 2100 2438 2150 vel

1424 2195 1580 2229 usum
1593 2177 1814 2247 alicujus
1825 2175 1901 2227 rei
1917 2193 1932 2238 ;
1948 2194 2106 2246 quam
2127 2176 2437 2246 elegantiam

1430 2255 1673 2308 Heinsius
1701 2255 1770 2308 ad
1796 2252 2072 2308 Claudian-
2097 2255 2152 2306 in
2177 2255 2352 2308 Rufin.
2378 2258 2437 2321 1,

1434 2335 1551 2396 15²,
1569 2347 1620 2387 et
1639 2334 1730 2387 alii
1742 2331 1952 2386 abunde
1965 2331 2306 2388 illustrarunt.
2325 2335 2435 2387 Me-

1428 2415 1641 2467 rebatur
1683 2424 1824 2467 certe
1867 2412 1957 2465 hic
2001 2413 2248 2466 Arusiuni
2290 2415 2438 2467 locus

1428 2492 1692 2558 adscribi,
1740 2492 1822 2544 vel
1879 2502 2095 2563 propter
2147 2491 2439 2563 fragmenta

1430 2571 1740 2625 Sallustiana
1755 2610 1771 2636 ‚
1796 2588 1914 2641 quae
1949 2570 2086 2623 inter
2109 2570 2352 2641 reliquias
2377 2592 2439 2626 ex

1430 2650 1577 2702 libris
1615 2648 1960 2701 Historiarum
1999 2668 2028 2699 a
2067 2648 2194 2701 viris
2239 2650 2405 2703 doctis
2424 2689 2439 2715 ,

1431 2730 1590 2782 etiam
1609 2746 1672 2781 ex
1690 2727 1884 2781 Messio
1901 2726 2006 2779 hoc
2023 2728 2284 2780 Arusiano
2297 2768 2311 2794 ‚
2327 2730 2440 2782 col-

1432 2809 1592 2861 lectas
1613 2806 1806 2859 frustra
1831 2804 1887 2857 in
1915 2804 2003 2858 ed.
2025 2806 2309 2861 Wassiana
2349 2820 2442 2861 aut

1432 2886 1681 2941 Cos-tiana
1707 2902 1924 2958 qua-ras.

1505 2966 1626 3020 332.
1645 2969 1873 3032 Scillamq
1880 2984 1960 3028 ue,
1985 2966 2312 3032 elleborosque
2324 2986 2444 3037 gra—

1436 3065 1533 3098 ves.
1559 3045 1644 3097 Sic
1669 3056 1748 3097 est
1770 3044 1826 3095 in
1859 3042 2044 3096 codice
2063 3042 2210 3097 Leid.
2235 3055 2285 3096 et
2301 3044 2446 3115 apud

1438 3124 1588 3195 virg.
1610 3124 1802 3195 Georg.
1835 3124 1919 3176 111
1940 3163 1956 3188 ,
1991 3122 2088 3187 451
2112 3140 2126 3174 :
2157 3127 2444 3174 elleborum-

1440 3224 1534 3273 que
1545 3204 1710 3271 grabis
1731 3202 1788 3254 in
1806 3201 1970 3254 Snlm.
1996 3200 2218 3271 reliqua,
2237 3215 2283 3252 et
2298 3204 2449 3269 sufii-

1438 3304 1500 3337 ra
1525 3286 1661 3347 viva,
1681 3279 1987 3352 precedunt
2010 3278 2207 3331 ibidem
2233 3299 2287 3331 v.
2315 3280 2412 3343 451
2431 3298 2448 3343 3

1442 3374 1502 3415 ut
1521 3360 1740 3432 quidem
1757 3360 1813 3411 in
1835 3358 2014 3411 multis
2029 3357 2304 3411 codicibus
2328 3358 2452 3431 legi-

1442 3456 1552 3503 tur,
1595 3458 1718 3492 cum
1770 3439 1964 3509 quibus
2011 3435 2100 3489 hic
2148 3439 2452 3509 conspirant

1446 3517 1654 3574 scheda».
1665 3517 1792 3569 MSS
1805 3536 1822 3581 ;
1836 3514 1928 3570 sed
1943 3516 2256 3569 auctoritate
2267 3517 2454 3583 Servii,

1442 3597 1734 3663 Macrobii,
1769 3608 1823 3647 et
1846 3594 2003 3647 Marii
2023 3594 2282 3647 Victorini
2313 3608 2455 3648 recte

1442 3676 1752 3750 Erythraeus
1776 3675 1828 3726 in
1855 3672 2030 3726 indice
2057 3672 2374 3745 Virgiliano,
2406 3688 2456 3727 et
2477 3714 2488 3723 .

1445 3755 1690 3809 Heinsius
1733 3754 1790 3805 in
1823 3752 1959 3807 notis
1988 3753 2093 3806 suis
2120 3752 2460 3807 vindicarunt

1446 3835 1557 3887 illic
1575 3851 1787 3885 versum
1815 3832 2136 3903 dactylicum
2166 3852 2180 3886 ε
2207 3857 2232 3876 κ
2253 3832 2320 3884 Et
2338 3850 2460 3903 spu-

1448 3932 1559 3966 mas
1585 3912 1809 3964 miscent
1835 3912 2060 3983 argenti,
2099 3910 2321 3981 vivaque
2351 3910 2460 3963 sul-

1450 3994 1570 4045 fura
1587 4016 1631 4055 »,
1658 3992 1749 4062 qui
1771 4003 1946 4043 tamen
1975 3990 2029 4041 iu
2049 3989 2205 4061 hujus
2230 3988 2463 4041 centonis

344 4072 483 4125 libro
509 4069 883 4125 Elocutionum
914 4066 1008 4119 MS
1041 4085 1055 4118 τ
1098 4092 1120 4113 ι
1146 4072 1205 4117 In
1234 4068 1371 4117 illam
1458 4089 1614 4125 versu
1636 4071 1810 4123 locum
1839 4069 2032 4123 habere
2057 4066 2254 4138 nequit.

599 4172 761 4237 VII.

2092 4154 2174 4225 31
