<?xml version="1.0" encoding="UTF-8"?>
<!DOCTYPE html PUBLIC "-//W3C//DTD XHTML 1.0 Transitional//EN"
    "http://www.w3.org/TR/xhtml1/DTD/xhtml1-transitional.dtd">
<html xmlns="http://www.w3.org/1999/xhtml" xml:lang="en" lang="en">
 <head>
  <title>
</title>
<meta http-equiv="Content-Type" content="text/html;charset=utf-8" />
  <meta name='ocr-system' content='tesseract 3.04.00' />
  <meta name='ocr-capabilities' content='ocr_page ocr_carea ocr_par ocr_line ocrx_word'/>
</head>
<body>
  <div class='ocr_page' id='page_1' title='image "./poetaelatinimin02unkngoog_0207.png"; bbox 0 0 2964 4690; ppageno 0'>
   <div class='ocr_carea' id='block_1_1' title="bbox 0 3718 4 4300">
    <p class='ocr_par' dir='ltr' id='par_1_1' title="bbox 0 3718 4 4300">
     <span class='ocr_line' id='line_1_1' title="bbox 0 3718 4 4300; baseline 0 0"><span class='ocrx_word' id='word_1_1' title='bbox 0 3718 4 4300; x_wconf 95' lang='lat' dir='ltr'><strong> </strong></span> 
     </span>
    </p>
   </div>
   <div class='ocr_carea' id='block_1_2' title="bbox 495 313 620 407">
    <p class='ocr_par' dir='ltr' id='par_1_2' title="bbox 495 313 620 407">
     <span class='ocr_line' id='line_1_2' title="bbox 495 313 620 407; baseline 0 -25"><span class='ocrx_word' id='word_1_2' title='bbox 495 313 620 407; x_wconf 77' lang='lat'><strong>{98</strong></span> 
     </span>
    </p>
   </div>
   <div class='ocr_carea' id='block_1_3' title="bbox 1247 313 1823 382">
    <p class='ocr_par' dir='ltr' id='par_1_3' title="bbox 1247 313 1823 382">
     <span class='ocr_line' id='line_1_3' title="bbox 1247 313 1823 382; baseline 0.005 -3"><span class='ocrx_word' id='word_1_3' title='bbox 1247 313 1823 382; x_wconf 87' lang='lat' dir='ltr'><strong>MAXIMIANI</strong></span> 
     </span>
    </p>
   </div>
   <div class='ocr_carea' id='block_1_4' title="bbox 569 427 2607 1404">
    <p class='ocr_par' dir='ltr' id='par_1_4' title="bbox 569 427 2607 1404">
     <span class='ocr_line' id='line_1_4' title="bbox 569 427 2378 529; baseline 0 -25"><span class='ocrx_word' id='word_1_4' title='bbox 569 432 784 504; x_wconf 85' lang='lat' dir='ltr'><strong>Dulce</strong></span> <span class='ocrx_word' id='word_1_5' title='bbox 821 434 946 502; x_wconf 87' lang='lat' dir='ltr'><strong>fuit</strong></span> <span class='ocrx_word' id='word_1_6' title='bbox 981 431 1310 502; x_wconf 80' lang='lat' dir='ltr'>madidam</span> <span class='ocrx_word' id='word_1_7' title='bbox 1353 434 1406 502; x_wconf 92' lang='lat' dir='ltr'><strong>si</strong></span> <span class='ocrx_word' id='word_1_8' title='bbox 1449 432 1585 502; x_wconf 82' lang='lat' dir='ltr'><strong>fors</strong></span> <span class='ocrx_word' id='word_1_9' title='bbox 1619 457 1877 503; x_wconf 79' lang='lat' dir='ltr'><strong>versare</strong></span> <span class='ocrx_word' id='word_1_10' title='bbox 1908 434 2273 529; x_wconf 79' lang='lat' dir='ltr'><strong>paloestram</strong></span> <span class='ocrx_word' id='word_1_11' title='bbox 2296 491 2313 521; x_wconf 85' lang='lat'>‚</span> <span class='ocrx_word' id='word_1_12' title='bbox 2368 427 2378 434; x_wconf 70' lang='grc'><strong>’</strong></span> 
     </span>
     <span class='ocr_line' id='line_1_5' title="bbox 671 540 2086 635; baseline 0.001 -22"><span class='ocrx_word' id='word_1_13' title='bbox 671 541 978 635; x_wconf 86' lang='lat' dir='ltr'><strong>Implicui</strong></span> <span class='ocrx_word' id='word_1_14' title='bbox 1014 540 1246 612; x_wconf 84' lang='lat' dir='ltr'><strong>validis</strong></span> <span class='ocrx_word' id='word_1_15' title='bbox 1281 540 1533 612; x_wconf 82' lang='lat' dir='ltr'><strong>lubrica</strong></span> <span class='ocrx_word' id='word_1_16' title='bbox 1568 543 1864 612; x_wconf 79' lang='lat' dir='ltr'><strong>membra</strong></span> <span class='ocrx_word' id='word_1_17' title='bbox 1902 546 2086 614; x_wconf 88' lang='lat' dir='ltr'><strong>toris.</strong></span> 
     </span>
     <span class='ocr_line' id='line_1_6' title="bbox 573 651 2157 746; baseline -0.001 -23"><span class='ocrx_word' id='word_1_18' title='bbox 573 655 637 723; x_wconf 84' lang='lat' dir='ltr'>N</span> <span class='ocrx_word' id='word_1_19' title='bbox 643 677 772 722; x_wconf 88' lang='lat' dir='ltr'><strong>unc</strong></span> <span class='ocrx_word' id='word_1_20' title='bbox 805 651 961 746; x_wconf 83' lang='lat' dir='ltr'><strong>agili</strong></span> <span class='ocrx_word' id='word_1_21' title='bbox 996 677 1196 722; x_wconf 86' lang='lat' dir='ltr'><strong>cursu</strong></span> <span class='ocrx_word' id='word_1_22' title='bbox 1229 665 1501 722; x_wconf 85' lang='lat' dir='ltr'><strong>cunctos</strong></span> <span class='ocrx_word' id='word_1_23' title='bbox 1532 653 1783 721; x_wconf 83' lang='lat' dir='ltr'><strong>anteire</strong></span> <span class='ocrx_word' id='word_1_24' title='bbox 1820 651 2111 722; x_wconf 79' lang='lat' dir='ltr'>solebam</span> <span class='ocrx_word' id='word_1_25' title='bbox 2142 681 2157 722; x_wconf 77' lang='lat' dir='ltr'><strong>t</strong></span> 
     </span>
     <span class='ocr_line' id='line_1_7' title="bbox 666 763 2093 856; baseline -0.002 -22"><span class='ocrx_word' id='word_1_26' title='bbox 666 765 864 834; x_wconf 86' lang='lat' dir='ltr'><strong>Nunc</strong></span> <span class='ocrx_word' id='word_1_27' title='bbox 909 763 1192 854; x_wconf 83' lang='lat' dir='ltr'><strong>tragicos</strong></span> <span class='ocrx_word' id='word_1_28' title='bbox 1227 776 1460 832; x_wconf 80' lang='lat' dir='ltr'><strong>cantus</strong></span> <span class='ocrx_word' id='word_1_29' title='bbox 1491 785 1888 856; x_wconf 80' lang='lat' dir='ltr'><strong>exsuperare</strong></span> <span class='ocrx_word' id='word_1_30' title='bbox 1918 787 2093 831; x_wconf 87' lang='lat' dir='ltr'><strong>meo.</strong></span> 
     </span>
     <span class='ocr_line' id='line_1_8' title="bbox 571 869 2203 966; baseline -0.002 -24"><span class='ocrx_word' id='word_1_31' title='bbox 571 872 878 966; x_wconf 83' lang='lat' dir='ltr'><strong>Augebat</strong></span> <span class='ocrx_word' id='word_1_32' title='bbox 917 871 1224 939; x_wconf 87' lang='lat' dir='ltr'><strong>meritum</strong></span> <span class='ocrx_word' id='word_1_33' title='bbox 1260 869 1469 940; x_wconf 90' lang='lat' dir='ltr'><strong>dulcis</strong></span> <span class='ocrx_word' id='word_1_34' title='bbox 1512 872 1801 940; x_wconf 81' lang='lat' dir='ltr'><strong>mixtura</strong></span> <span class='ocrx_word' id='word_1_35' title='bbox 1835 871 2166 940; x_wconf 78' lang='lat' dir='ltr'><strong>bonorum</strong></span> <span class='ocrx_word' id='word_1_36' title='bbox 2184 924 2203 956; x_wconf 89' lang='lat'><strong>‚</strong></span> 
     </span>
     <span class='ocr_line' id='line_1_9' title="bbox 673 973 2607 1076; baseline 0 -28"><span class='ocrx_word' id='word_1_37' title='bbox 673 983 768 1048; x_wconf 92' lang='lat' dir='ltr'><strong>Ut</strong></span> <span class='ocrx_word' id='word_1_38' title='bbox 803 1003 1060 1074; x_wconf 83' lang='lat' dir='ltr'><strong>semper</strong></span> <span class='ocrx_word' id='word_1_39' title='bbox 1100 979 1355 1048; x_wconf 85' lang='lat' dir='ltr'><strong>varium</strong></span> <span class='ocrx_word' id='word_1_40' title='bbox 1390 979 1540 1076; x_wconf 87' lang='lat' dir='ltr'><strong>plus</strong></span> <span class='ocrx_word' id='word_1_41' title='bbox 1580 981 1781 1050; x_wconf 77' lang='lat' dir='ltr'><strong>micat</strong></span> <span class='ocrx_word' id='word_1_42' title='bbox 1814 980 1987 1070; x_wconf 69' lang='lat' dir='ltr'><strong>artis</strong></span> <span class='ocrx_word' id='word_1_43' title='bbox 2008 973 2215 1076; x_wconf 70' lang='lat' dir='ltr'><strong>opus».</strong></span> <span class='ocrx_word' id='word_1_44' title='bbox 2554 1003 2607 1040; x_wconf 72' lang='lat'><strong>³⁰</strong></span> 
     </span>
     <span class='ocr_line' id='line_1_10' title="bbox 577 1088 2396 1184; baseline -0.001 -25"><span class='ocrx_word' id='word_1_45' title='bbox 577 1091 751 1160; x_wconf 82' lang='lat' dir='ltr'><strong>Nam</strong></span> <span class='ocrx_word' id='word_1_46' title='bbox 783 1113 1216 1184; x_wconf 64' lang='lat' dir='ltr'><strong>quaecumque</strong></span> <span class='ocrx_word' id='word_1_47' title='bbox 1251 1089 1462 1160; x_wconf 83' lang='lat' dir='ltr'><strong>solent</strong></span> <span class='ocrx_word' id='word_1_48' title='bbox 1489 1114 1608 1184; x_wconf 88' lang='lat' dir='ltr'><strong>per</strong></span> <span class='ocrx_word' id='word_1_49' title='bbox 1640 1115 1709 1158; x_wconf 89' lang='lat' dir='ltr'><strong>se</strong></span> <span class='ocrx_word' id='word_1_50' title='bbox 1743 1115 2067 1184; x_wconf 85' lang='lat' dir='ltr'><strong>perpensa</strong></span> <span class='ocrx_word' id='word_1_51' title='bbox 2102 1088 2361 1184; x_wconf 79' lang='lat' dir='ltr'><strong>placere</strong></span> <span class='ocrx_word' id='word_1_52' title='bbox 2379 1142 2396 1176; x_wconf 88' lang='lat'>,</span> 
     </span>
     <span class='ocr_line' id='line_1_11' title="bbox 675 1198 2054 1293; baseline 0.001 -26"><span class='ocrx_word' id='word_1_53' title='bbox 675 1198 954 1267; x_wconf 88' lang='lat' dir='ltr'><strong>Alterno</strong></span> <span class='ocrx_word' id='word_1_54' title='bbox 989 1200 1211 1293; x_wconf 91' lang='lat' dir='ltr'><strong>potius</strong></span> <span class='ocrx_word' id='word_1_55' title='bbox 1243 1201 1465 1269; x_wconf 81' lang='lat' dir='ltr'><strong>vincta</strong></span> <span class='ocrx_word' id='word_1_56' title='bbox 1500 1199 1735 1268; x_wconf 84' lang='lat' dir='ltr'><strong>decore</strong></span> <span class='ocrx_word' id='word_1_57' title='bbox 1770 1200 2054 1293; x_wconf 86' lang='lat' dir='ltr'><strong>placent.</strong></span> 
     </span>
     <span class='ocr_line' id='line_1_12' title="bbox 581 1307 2098 1404; baseline -0.001 -26"><span class='ocrx_word' id='word_1_58' title='bbox 581 1313 718 1378; x_wconf 86' lang='lat' dir='ltr'><strong>Has</strong></span> <span class='ocrx_word' id='word_1_59' title='bbox 751 1310 924 1378; x_wconf 87' lang='lat' dir='ltr'><strong>inter</strong></span> <span class='ocrx_word' id='word_1_60' title='bbox 961 1309 1224 1378; x_wconf 86' lang='lat' dir='ltr'><strong>virtutis</strong></span> <span class='ocrx_word' id='word_1_61' title='bbox 1256 1333 1450 1404; x_wconf 74' lang='lat' dir='ltr'><strong>opes,</strong></span> <span class='ocrx_word' id='word_1_62' title='bbox 1486 1307 1832 1378; x_wconf 81' lang='lat' dir='ltr'><strong>tolerantia</strong></span> <span class='ocrx_word' id='word_1_63' title='bbox 1877 1333 2098 1377; x_wconf 89' lang='lat' dir='ltr'><strong>rerum</strong></span> 
     </span>
    </p>
   </div>
   <div class='ocr_carea' id='block_1_5' title="bbox 491 1479 1519 4074">
    <p class='ocr_par' dir='ltr' id='par_1_5' title="bbox 491 1479 1505 1630">
     <span class='ocr_line' id='line_1_13' title="bbox 491 1479 1505 1553; baseline 0 -19"><span class='ocrx_word' id='word_1_64' title='bbox 491 1485 624 1546; x_wconf 69' lang='lat' dir='ltr'><strong>Quae</strong></span> <span class='ocrx_word' id='word_1_65' title='bbox 651 1479 812 1551; x_wconf 77' lang='lat' dir='ltr'>possit</span> <span class='ocrx_word' id='word_1_66' title='bbox 825 1517 840 1544; x_wconf 92' lang='lat'><strong>,</strong></span> <span class='ocrx_word' id='word_1_67' title='bbox 862 1480 1208 1553; x_wconf 78' lang='lat' dir='ltr'><strong>volucresque</strong></span> <span class='ocrx_word' id='word_1_68' title='bbox 1222 1494 1366 1535; x_wconf 88' lang='lat' dir='ltr'><strong>metu</strong></span> <span class='ocrx_word' id='word_1_69' title='bbox 1379 1499 1505 1534; x_wconf 89' lang='lat' dir='ltr'><strong>con-</strong></span> 
     </span>
     <span class='ocr_line' id='line_1_14' title="bbox 491 1558 1003 1630; baseline 0 -18"><span class='ocrx_word' id='word_1_70' title='bbox 491 1559 706 1612; x_wconf 82' lang='lat' dir='ltr'><strong>cludere</strong></span> <span class='ocrx_word' id='word_1_71' title='bbox 731 1558 931 1630; x_wconf 72' lang='lat' dir='ltr'><strong>praedas</strong></span> <span class='ocrx_word' id='word_1_72' title='bbox 957 1585 1003 1612; x_wconf 73' lang='grc' dir='ltr'><strong>ιο.</strong></span> 
     </span>
    </p>

    <p class='ocr_par' dir='ltr' id='par_1_6' title="bbox 491 1638 1512 2321">
     <span class='ocr_line' id='line_1_15' title="bbox 565 1638 1509 1712; baseline 0 -20"><span class='ocrx_word' id='word_1_73' title='bbox 565 1639 647 1692; x_wconf 77' lang='lat'><strong>25.</strong></span> <span class='ocrx_word' id='word_1_74' title='bbox 659 1642 966 1705; x_wconf 65' lang='lat' dir='ltr'><strong>Palaestram,</strong></span> <span class='ocrx_word' id='word_1_75' title='bbox 985 1639 1043 1691; x_wconf 89' lang='lat' dir='ltr'><strong>h.</strong></span> <span class='ocrx_word' id='word_1_76' title='bbox 1067 1659 1113 1693; x_wconf 84' lang='lat' dir='ltr'><strong>e.</strong></span> <span class='ocrx_word' id='word_1_77' title='bbox 1133 1638 1328 1692; x_wconf 73' lang='lat' dir='ltr'><strong>luctam</strong></span> <span class='ocrx_word' id='word_1_78' title='bbox 1346 1651 1399 1692; x_wconf 81' lang='lat' dir='ltr'><strong>et</strong></span> <span class='ocrx_word' id='word_1_79' title='bbox 1412 1658 1509 1712; x_wconf 87' lang='lat' dir='ltr'><strong>pu·</strong></span> 
     </span>
     <span class='ocr_line' id='line_1_16' title="bbox 493 1717 1507 1790; baseline 0.001 -22"><span class='ocrx_word' id='word_1_80' title='bbox 493 1719 708 1790; x_wconf 79' lang='lat' dir='ltr'><strong>gilatum</strong></span> <span class='ocrx_word' id='word_1_81' title='bbox 726 1755 742 1779; x_wconf 90' lang='lat'>‚</span> <span class='ocrx_word' id='word_1_82' title='bbox 769 1736 886 1786; x_wconf 67' lang='lat' dir='ltr'><strong>qua</strong></span> <span class='ocrx_word' id='word_1_83' title='bbox 910 1717 1104 1772; x_wconf 73' lang='lat' dir='ltr'><strong>versari</strong></span> <span class='ocrx_word' id='word_1_84' title='bbox 1131 1718 1341 1785; x_wconf 82' lang='lat' dir='ltr'><strong>dicitur,</strong></span> <span class='ocrx_word' id='word_1_85' title='bbox 1365 1718 1507 1789; x_wconf 86' lang='lat' dir='ltr'><strong>quod</strong></span> 
     </span>
     <span class='ocr_line' id='line_1_17' title="bbox 499 1795 1510 1866; baseline -0.004 -16"><span class='ocrx_word' id='word_1_86' title='bbox 499 1807 702 1850; x_wconf 69' lang='lat' dir='ltr'><strong>versato</strong></span> <span class='ocrx_word' id='word_1_87' title='bbox 745 1795 798 1846; x_wconf 87' lang='lat' dir='ltr'><strong>in</strong></span> <span class='ocrx_word' id='word_1_88' title='bbox 826 1813 1010 1848; x_wconf 86' lang='lat' dir='ltr'><strong>omnes</strong></span> <span class='ocrx_word' id='word_1_89' title='bbox 1055 1809 1229 1866; x_wconf 75' lang='lat' dir='ltr'><strong>partes</strong></span> <span class='ocrx_word' id='word_1_90' title='bbox 1262 1806 1315 1848; x_wconf 85' lang='lat' dir='ltr'><strong>et</strong></span> <span class='ocrx_word' id='word_1_91' title='bbox 1349 1795 1510 1848; x_wconf 84' lang='lat' dir='ltr'><strong>flexus</strong></span> 
     </span>
     <span class='ocr_line' id='line_1_18' title="bbox 499 1873 1510 1945; baseline -0.001 -18"><span class='ocrx_word' id='word_1_92' title='bbox 499 1892 738 1945; x_wconf 85' lang='lat' dir='ltr'><strong>corpore,</strong></span> <span class='ocrx_word' id='word_1_93' title='bbox 744 1873 1056 1944; x_wconf 73' lang='lat' dir='ltr'><strong>jactatisque</strong></span> <span class='ocrx_word' id='word_1_94' title='bbox 1065 1874 1290 1926; x_wconf 76' lang='lat' dir='ltr'><strong>brachiis</strong></span> <span class='ocrx_word' id='word_1_95' title='bbox 1297 1893 1510 1928; x_wconf 81' lang='lat' dir='ltr'><strong>exerce-</strong></span> 
     </span>
     <span class='ocr_line' id='line_1_19' title="bbox 501 1951 1509 2023; baseline -0.001 -17"><span class='ocrx_word' id='word_1_96' title='bbox 501 1967 604 2006; x_wconf 86' lang='lat' dir='ltr'><strong>tur.</strong></span> <span class='ocrx_word' id='word_1_97' title='bbox 643 1955 854 2004; x_wconf 78' lang='lat' dir='ltr'><strong>Madida</strong></span> <span class='ocrx_word' id='word_1_98' title='bbox 893 1951 1090 2005; x_wconf 88' lang='lat' dir='ltr'><strong>dicitur</strong></span> <span class='ocrx_word' id='word_1_99' title='bbox 1115 1952 1353 2022; x_wconf 53' lang='lat' dir='ltr'><strong>palaestra</strong></span> <span class='ocrx_word' id='word_1_100' title='bbox 1383 1970 1509 2023; x_wconf 84' lang='lat' dir='ltr'><strong>pro·-</strong></span> 
     </span>
     <span class='ocr_line' id='line_1_20' title="bbox 501 2031 1511 2104; baseline 0 -20"><span class='ocrx_word' id='word_1_101' title='bbox 501 2044 619 2104; x_wconf 83' lang='lat' dir='ltr'><strong>pter</strong></span> <span class='ocrx_word' id='word_1_102' title='bbox 641 2031 856 2085; x_wconf 78' lang='lat' dir='ltr'><strong>sudores</strong></span> <span class='ocrx_word' id='word_1_103' title='bbox 871 2071 888 2097; x_wconf 84' lang='lat'>‚</span> <span class='ocrx_word' id='word_1_104' title='bbox 913 2044 1024 2084; x_wconf 86' lang='lat' dir='ltr'><strong>tum</strong></span> <span class='ocrx_word' id='word_1_105' title='bbox 1051 2031 1196 2103; x_wconf 84' lang='lat' dir='ltr'><strong>quod</strong></span> <span class='ocrx_word' id='word_1_106' title='bbox 1215 2031 1334 2084; x_wconf 87' lang='lat' dir='ltr'><strong>oleo</strong></span> <span class='ocrx_word' id='word_1_107' title='bbox 1351 2043 1511 2084; x_wconf 76' lang='lat' dir='ltr'><strong>uncta</strong></span> 
     </span>
     <span class='ocr_line' id='line_1_21' title="bbox 491 2109 1512 2182; baseline 0 -20"><span class='ocrx_word' id='word_1_108' title='bbox 491 2129 754 2182; x_wconf 69' lang='lat' dir='ltr'><strong>corpora,</strong></span> <span class='ocrx_word' id='word_1_109' title='bbox 799 2109 942 2164; x_wconf 86' lang='lat' dir='ltr'><strong>unde</strong></span> <span class='ocrx_word' id='word_1_110' title='bbox 983 2123 1035 2164; x_wconf 86' lang='lat' dir='ltr'><strong>et</strong></span> <span class='ocrx_word' id='word_1_111' title='bbox 1077 2125 1228 2168; x_wconf 73' lang='lat' dir='ltr'><strong>uncta</strong></span> <span class='ocrx_word' id='word_1_112' title='bbox 1267 2122 1319 2163; x_wconf 87' lang='lat' dir='ltr'><strong>et</strong></span> <span class='ocrx_word' id='word_1_113' title='bbox 1356 2112 1512 2162; x_wconf 77' lang='lat' dir='ltr'><strong>nitida</strong></span> 
     </span>
     <span class='ocr_line' id='line_1_22' title="bbox 497 2187 1509 2260; baseline -0.001 -18"><span class='ocrx_word' id='word_1_114' title='bbox 497 2188 662 2260; x_wconf 82' lang='lat' dir='ltr'><strong>poetis</strong></span> <span class='ocrx_word' id='word_1_115' title='bbox 693 2187 908 2254; x_wconf 82' lang='lat' dir='ltr'><strong>dicitur,</strong></span> <span class='ocrx_word' id='word_1_116' title='bbox 945 2207 1054 2260; x_wconf 86' lang='lat' dir='ltr'><strong>quo</strong></span> <span class='ocrx_word' id='word_1_117' title='bbox 1090 2199 1327 2259; x_wconf 80' lang='lat' dir='ltr'><strong>spectant</strong></span> <span class='ocrx_word' id='word_1_118' title='bbox 1355 2188 1509 2241; x_wconf 76' lang='lat' dir='ltr'><strong>etiam</strong></span> 
     </span>
     <span class='ocr_line' id='line_1_23' title="bbox 496 2271 1077 2321; baseline -0.002 -1"><span class='ocrx_word' id='word_1_119' title='bbox 496 2271 680 2320; x_wconf 79' lang='lat' dir='ltr'><strong>lubrica</strong></span> <span class='ocrx_word' id='word_1_120' title='bbox 699 2271 912 2318; x_wconf 82' lang='lat' dir='ltr'><strong>membra</strong></span> <span class='ocrx_word' id='word_1_121' title='bbox 954 2288 1004 2321; x_wconf 75' lang='lat' dir='ltr'><strong>v.</strong></span> <span class='ocrx_word' id='word_1_122' title='bbox 1033 2287 1077 2320; x_wconf 86' lang='lat' dir='ltr'><strong>s.</strong></span> 
     </span>
    </p>

    <p class='ocr_par' dir='ltr' id='par_1_7' title="bbox 497 2345 1513 2639">
     <span class='ocr_line' id='line_1_24' title="bbox 567 2345 1513 2418; baseline 0 -19"><span class='ocrx_word' id='word_1_123' title='bbox 567 2350 654 2399; x_wconf 73' lang='lat'><strong>26.</strong></span> <span class='ocrx_word' id='word_1_124' title='bbox 688 2350 841 2413; x_wconf 81' lang='lat' dir='ltr'><strong>Ton&#39;s,</strong></span> <span class='ocrx_word' id='word_1_125' title='bbox 868 2348 906 2399; x_wconf 83' lang='lat' dir='ltr'><strong>i.</strong></span> <span class='ocrx_word' id='word_1_126' title='bbox 935 2366 981 2399; x_wconf 88' lang='lat' dir='ltr'><strong>e.</strong></span> <span class='ocrx_word' id='word_1_127' title='bbox 1018 2345 1241 2411; x_wconf 75' lang='lat' dir='ltr'><strong>lacertis,</strong></span> <span class='ocrx_word' id='word_1_128' title='bbox 1271 2347 1362 2418; x_wconf 85' lang='lat' dir='ltr'><strong>qui</strong></span> <span class='ocrx_word' id='word_1_129' title='bbox 1395 2366 1513 2401; x_wconf 84' lang='lat' dir='ltr'><strong>ner-</strong></span> 
     </span>
     <span class='ocr_line' id='line_1_25' title="bbox 498 2424 1509 2495; baseline -0.001 -17"><span class='ocrx_word' id='word_1_130' title='bbox 498 2444 686 2478; x_wconf 80' lang='lat' dir='ltr'><strong>vorum</strong></span> <span class='ocrx_word' id='word_1_131' title='bbox 722 2425 1018 2495; x_wconf 78' lang='lat' dir='ltr'><strong>ligamentis</strong></span> <span class='ocrx_word' id='word_1_132' title='bbox 1053 2437 1107 2479; x_wconf 87' lang='lat' dir='ltr'><strong>et</strong></span> <span class='ocrx_word' id='word_1_133' title='bbox 1138 2424 1292 2479; x_wconf 78' lang='lat' dir='ltr'><strong>nodis</strong></span> <span class='ocrx_word' id='word_1_134' title='bbox 1315 2427 1509 2479; x_wconf 81' lang='lat' dir='ltr'><strong>valent.</strong></span> 
     </span>
     <span class='ocr_line' id='line_1_26' title="bbox 497 2503 1513 2577; baseline 0.003 -22"><span class='ocrx_word' id='word_1_135' title='bbox 497 2503 655 2556; x_wconf 82' lang='lat' dir='ltr'><strong>Ovid.</strong></span> <span class='ocrx_word' id='word_1_136' title='bbox 677 2504 791 2555; x_wconf 82' lang='lat' dir='ltr'><strong>Am.</strong></span> <span class='ocrx_word' id='word_1_137' title='bbox 805 2504 881 2566; x_wconf 89' lang='lat'><strong>11,</strong></span> <span class='ocrx_word' id='word_1_138' title='bbox 908 2506 989 2569; x_wconf 81' lang='lat'><strong>18,</strong></span> <span class='ocrx_word' id='word_1_139' title='bbox 1006 2524 1039 2574; x_wconf 89' lang='lat'><strong>9</strong></span> <span class='ocrx_word' id='word_1_140' title='bbox 1064 2524 1076 2558; x_wconf 74' lang='grc' dir='ltr'><em>ι</em></span> <span class='ocrx_word' id='word_1_141' title='bbox 1100 2532 1124 2552; x_wconf 74' lang='grc'><strong>.-</strong></span> <span class='ocrx_word' id='word_1_142' title='bbox 1141 2505 1513 2577; x_wconf 82' lang='lat' dir='ltr'><strong>Implicuitquc</strong></span> 
     </span>
     <span class='ocr_line' id='line_1_27' title="bbox 501 2582 1451 2639; baseline 0.001 -4"><span class='ocrx_word' id='word_1_143' title='bbox 501 2600 622 2635; x_wconf 80' lang='lat' dir='ltr'><strong>suos</strong></span> <span class='ocrx_word' id='word_1_144' title='bbox 647 2582 848 2635; x_wconf 87' lang='lat' dir='ltr'><strong>circum</strong></span> <span class='ocrx_word' id='word_1_145' title='bbox 875 2602 991 2636; x_wconf 85' lang='lat' dir='ltr'><strong>mea</strong></span> <span class='ocrx_word' id='word_1_146' title='bbox 1013 2583 1152 2637; x_wconf 83' lang='lat' dir='ltr'><strong>colla</strong></span> <span class='ocrx_word' id='word_1_147' title='bbox 1174 2585 1397 2639; x_wconf 81' lang='lat' dir='ltr'><strong>lacertos</strong></span> <span class='ocrx_word' id='word_1_148' title='bbox 1410 2610 1451 2636; x_wconf 69' lang='lat' dir='ltr'><strong>a.</strong></span> 
     </span>
    </p>

    <p class='ocr_par' dir='ltr' id='par_1_8' title="bbox 493 2663 1519 4074">
     <span class='ocr_line' id='line_1_28' title="bbox 575 2663 1513 2731; baseline 0.001 -18"><span class='ocrx_word' id='word_1_149' title='bbox 575 2663 656 2715; x_wconf 79' lang='lat'><strong>28.</strong></span> <span class='ocrx_word' id='word_1_150' title='bbox 689 2663 920 2729; x_wconf 77' lang='lat' dir='ltr'><strong>Tragicos</strong></span> <span class='ocrx_word' id='word_1_151' title='bbox 948 2664 1030 2716; x_wconf 79' lang='lat' dir='ltr'><strong>vel</strong></span> <span class='ocrx_word' id='word_1_152' title='bbox 1050 2666 1237 2731; x_wconf 75' lang='lat' dir='ltr'><strong>tmgico</strong></span> <span class='ocrx_word' id='word_1_153' title='bbox 1257 2678 1404 2715; x_wconf 73' lang='lat' dir='ltr'><strong>cantu</strong></span> <span class='ocrx_word' id='word_1_154' title='bbox 1423 2682 1513 2714; x_wconf 71' lang='lat' dir='ltr'><strong>ea:-</strong></span> 
     </span>
     <span class='ocr_line' id='line_1_29' title="bbox 499 2740 1511 2809; baseline 0.001 -16"><span class='ocrx_word' id='word_1_155' title='bbox 499 2760 728 2809; x_wconf 78' lang='lat' dir='ltr'><strong>supemre</strong></span> <span class='ocrx_word' id='word_1_156' title='bbox 763 2745 912 2793; x_wconf 63' lang='lat' dir='ltr'><strong>&#39;nelos</strong></span> <span class='ocrx_word' id='word_1_157' title='bbox 959 2741 1080 2794; x_wconf 85' lang='lat' dir='ltr'><strong>cod.</strong></span> <span class='ocrx_word' id='word_1_158' title='bbox 1133 2743 1290 2795; x_wconf 82' lang='lat' dir='ltr'><strong>Voss.</strong></span> <span class='ocrx_word' id='word_1_159' title='bbox 1342 2742 1402 2792; x_wconf 86' lang='lat' dir='ltr'><strong>R.</strong></span> <span class='ocrx_word' id='word_1_160' title='bbox 1441 2740 1511 2794; x_wconf 91' lang='lat' dir='ltr'><strong>G.</strong></span> 
     </span>
     <span class='ocr_line' id='line_1_30' title="bbox 499 2822 1514 2873; baseline -0.002 0"><span class='ocrx_word' id='word_1_161' title='bbox 499 2834 651 2873; x_wconf 76' lang='lat' dir='ltr'><strong>cantu</strong></span> <span class='ocrx_word' id='word_1_162' title='bbox 673 2823 910 2873; x_wconf 72' lang='lat' dir='ltr'><strong>emices...</strong></span> <span class='ocrx_word' id='word_1_163' title='bbox 932 2826 1081 2873; x_wconf 79' lang='lat' dir='ltr'><strong>melos</strong></span> <span class='ocrx_word' id='word_1_164' title='bbox 1101 2822 1161 2873; x_wconf 90' lang='lat' dir='ltr'><strong>L.</strong></span> <span class='ocrx_word' id='word_1_165' title='bbox 1175 2836 1350 2873; x_wconf 72' lang='lat' dir='ltr'><strong>canem</strong></span> <span class='ocrx_word' id='word_1_166' title='bbox 1366 2840 1514 2872; x_wconf 68' lang='lat' dir='ltr'><strong>exsu-</strong></span> 
     </span>
     <span class='ocr_line' id='line_1_31' title="bbox 493 2897 1514 2968; baseline 0 -17"><span class='ocrx_word' id='word_1_167' title='bbox 493 2918 672 2968; x_wconf 73' lang='lat' dir='ltr'><strong>perare</strong></span> <span class='ocrx_word' id='word_1_168' title='bbox 697 2902 848 2950; x_wconf 79' lang='lat' dir='ltr'><strong>melos</strong></span> <span class='ocrx_word' id='word_1_169' title='bbox 868 2898 936 2951; x_wconf 91' lang='lat' dir='ltr'><strong>G.</strong></span> <span class='ocrx_word' id='word_1_170' title='bbox 955 2897 1060 2951; x_wconf 88' lang='lat' dir='ltr'><strong>Sed</strong></span> <span class='ocrx_word' id='word_1_171' title='bbox 1087 2898 1199 2952; x_wconf 72' lang='lat' dir='ltr'><strong>haec</strong></span> <span class='ocrx_word' id='word_1_172' title='bbox 1229 2899 1366 2951; x_wconf 77' lang='lat' dir='ltr'><strong>male</strong></span> <span class='ocrx_word' id='word_1_173' title='bbox 1389 2917 1514 2951; x_wconf 83' lang='lat' dir='ltr'><strong>con·</strong></span> 
     </span>
     <span class='ocr_line' id='line_1_32' title="bbox 503 2976 1513 3049; baseline -0.002 -18"><span class='ocrx_word' id='word_1_174' title='bbox 503 2979 704 3033; x_wconf 78' lang='lat' dir='ltr'><strong>sistunt.</strong></span> <span class='ocrx_word' id='word_1_175' title='bbox 731 2977 915 3049; x_wconf 80' lang='lat' dir='ltr'><strong>Aptius</strong></span> <span class='ocrx_word' id='word_1_176' title='bbox 943 2976 1012 3029; x_wconf 79' lang='lat' dir='ltr'><strong>ad</strong></span> <span class='ocrx_word' id='word_1_177' title='bbox 1037 2996 1246 3029; x_wconf 77' lang='lat' dir='ltr'><strong>sensum</strong></span> <span class='ocrx_word' id='word_1_178' title='bbox 1275 2988 1410 3029; x_wconf 86' lang='lat' dir='ltr'><strong>esset</strong></span> <span class='ocrx_word' id='word_1_179' title='bbox 1429 3017 1443 3040; x_wconf 90' lang='lat'>,</span> <span class='ocrx_word' id='word_1_180' title='bbox 1467 2978 1513 3030; x_wconf 82' lang='lat' dir='ltr'><strong>si</strong></span> 
     </span>
     <span class='ocr_line' id='line_1_33' title="bbox 501 3055 1514 3111; baseline -0.003 -1"><span class='ocrx_word' id='word_1_181' title='bbox 501 3062 625 3111; x_wconf 79' lang='lat' dir='ltr'><strong>melo</strong></span> <span class='ocrx_word' id='word_1_182' title='bbox 643 3056 983 3109; x_wconf 82' lang='lat' dir='ltr'><strong>inveniretur.</strong></span> <span class='ocrx_word' id='word_1_183' title='bbox 1002 3055 1138 3107; x_wconf 82' lang='lat' dir='ltr'><strong>Nam</strong></span> <span class='ocrx_word' id='word_1_184' title='bbox 1164 3055 1306 3106; x_wconf 84' lang='lat' dir='ltr'><strong>hunc</strong></span> <span class='ocrx_word' id='word_1_185' title='bbox 1334 3072 1514 3107; x_wconf 79' lang='lat' dir='ltr'><strong>casum</strong></span> 
     </span>
     <span class='ocr_line' id='line_1_34' title="bbox 502 3134 1514 3205; baseline -0.004 -15"><span class='ocrx_word' id='word_1_186' title='bbox 502 3150 702 3191; x_wconf 83' lang='lat' dir='ltr'><strong>sextum</strong></span> <span class='ocrx_word' id='word_1_187' title='bbox 736 3136 806 3187; x_wconf 76' lang='lat' dir='ltr'><strong>ab</strong></span> <span class='ocrx_word' id='word_1_188' title='bbox 829 3134 1093 3186; x_wconf 79' lang='lat' dir='ltr'><strong>inferioris</strong></span> <span class='ocrx_word' id='word_1_189' title='bbox 1120 3134 1220 3187; x_wconf 79' lang='lat' dir='ltr'><strong>oevi</strong></span> <span class='ocrx_word' id='word_1_190' title='bbox 1241 3134 1514 3205; x_wconf 85' lang='lat' dir='ltr'><strong>scriptori-</strong></span> 
     </span>
     <span class='ocr_line' id='line_1_35' title="bbox 497 3212 1503 3283; baseline -0.004 -14"><span class='ocrx_word' id='word_1_191' title='bbox 497 3217 599 3269; x_wconf 81' lang='lat' dir='ltr'><strong>bus</strong></span> <span class='ocrx_word' id='word_1_192' title='bbox 611 3216 914 3283; x_wconf 80' lang='lat' dir='ltr'><strong>frequenter</strong></span> <span class='ocrx_word' id='word_1_193' title='bbox 933 3212 1207 3283; x_wconf 73' lang='lat' dir='ltr'><strong>usurpari,</strong></span> <span class='ocrx_word' id='word_1_194' title='bbox 1233 3212 1414 3266; x_wconf 79' lang='lat' dir='ltr'><strong>notavi</strong></span> <span class='ocrx_word' id='word_1_195' title='bbox 1433 3212 1503 3265; x_wconf 80' lang='lat' dir='ltr'><strong>ad</strong></span> 
     </span>
     <span class='ocr_line' id='line_1_36' title="bbox 501 3290 1510 3363; baseline -0.002 -18"><span class='ocrx_word' id='word_1_196' title='bbox 501 3293 678 3363; x_wconf 79' lang='lat' dir='ltr'><strong>Epith.</strong></span> <span class='ocrx_word' id='word_1_197' title='bbox 699 3292 855 3344; x_wconf 77' lang='lat' dir='ltr'><strong>Laur.</strong></span> <span class='ocrx_word' id='word_1_198' title='bbox 869 3290 1004 3360; x_wconf 82' lang='lat' dir='ltr'><strong>(huj.</strong></span> <span class='ocrx_word' id='word_1_199' title='bbox 1023 3308 1112 3362; x_wconf 85' lang='lat' dir='ltr'><strong>op.</strong></span> <span class='ocrx_word' id='word_1_200' title='bbox 1136 3302 1172 3342; x_wconf 91' lang='lat' dir='ltr'><strong>t.</strong></span> <span class='ocrx_word' id='word_1_201' title='bbox 1191 3290 1294 3353; x_wconf 85' lang='grc' dir='ltr'><strong>ΙΙΙ,</strong></span> <span class='ocrx_word' id='word_1_202' title='bbox 1315 3308 1367 3361; x_wconf 86' lang='lat' dir='ltr'><strong>p.</strong></span> <span class='ocrx_word' id='word_1_203' title='bbox 1389 3298 1485 3355; x_wconf 74' lang='lat'><strong>40¹</strong></span> <span class='ocrx_word' id='word_1_204' title='bbox 1500 3332 1510 3343; x_wconf 95' lang='lat'><strong>.</strong></span> 
     </span>
     <span class='ocr_line' id='line_1_37' title="bbox 507 3367 1515 3437; baseline 0.001 -16"><span class='ocrx_word' id='word_1_205' title='bbox 507 3370 638 3437; x_wconf 85' lang='lat' dir='ltr'><strong>En.)</strong></span> <span class='ocrx_word' id='word_1_206' title='bbox 667 3370 822 3421; x_wconf 87' lang='lat' dir='ltr'><strong>Nunc</strong></span> <span class='ocrx_word' id='word_1_207' title='bbox 857 3367 990 3421; x_wconf 90' lang='lat' dir='ltr'><strong>illud</strong></span> <span class='ocrx_word' id='word_1_208' title='bbox 1025 3374 1174 3421; x_wconf 79' lang='lat' dir='ltr'><strong>melos</strong></span> <span class='ocrx_word' id='word_1_209' title='bbox 1219 3386 1248 3419; x_wconf 80' lang='lat' dir='ltr'>a</span> <span class='ocrx_word' id='word_1_210' title='bbox 1289 3369 1515 3423; x_wconf 83' lang='lat' dir='ltr'><strong>librariis</strong></span> 
     </span>
     <span class='ocr_line' id='line_1_38' title="bbox 503 3449 1515 3521; baseline 0.002 -21"><span class='ocrx_word' id='word_1_211' title='bbox 503 3459 812 3517; x_wconf 86' lang='lat' dir='ltr'><strong>corruptum</strong></span> <span class='ocrx_word' id='word_1_212' title='bbox 851 3460 980 3521; x_wconf 85' lang='lat' dir='ltr'><strong>puto</strong></span> <span class='ocrx_word' id='word_1_213' title='bbox 1007 3466 1070 3501; x_wconf 83' lang='lat' dir='ltr'><strong>ex</strong></span> <span class='ocrx_word' id='word_1_214' title='bbox 1097 3468 1234 3509; x_wconf 81' lang='lat' dir='ltr'><strong>meo,</strong></span> <span class='ocrx_word' id='word_1_215' title='bbox 1261 3449 1404 3519; x_wconf 85' lang='lat' dir='ltr'><strong>quod</strong></span> <span class='ocrx_word' id='word_1_216' title='bbox 1429 3468 1515 3502; x_wconf 88' lang='lat' dir='ltr'><strong>re-</strong></span> 
     </span>
     <span class='ocr_line' id='line_1_39' title="bbox 503 3526 1516 3590; baseline 0 -7"><span class='ocrx_word' id='word_1_217' title='bbox 503 3538 650 3583; x_wconf 81' lang='lat' dir='ltr'><strong>ctum</strong></span> <span class='ocrx_word' id='word_1_218' title='bbox 677 3526 908 3590; x_wconf 81' lang='lat' dir='ltr'><strong>videtur,</strong></span> <span class='ocrx_word' id='word_1_219' title='bbox 922 3540 976 3581; x_wconf 86' lang='lat' dir='ltr'><strong>et</strong></span> <span class='ocrx_word' id='word_1_220' title='bbox 1011 3528 1134 3581; x_wconf 88' lang='lat' dir='ltr'><strong>inde</strong></span> <span class='ocrx_word' id='word_1_221' title='bbox 1151 3530 1221 3582; x_wconf 77' lang='lat' dir='ltr'><strong>ab</strong></span> <span class='ocrx_word' id='word_1_222' title='bbox 1247 3529 1516 3583; x_wconf 81' lang='lat' dir='ltr'><strong>Ascensia-</strong></span> 
     </span>
     <span class='ocr_line' id='line_1_40' title="bbox 506 3604 1513 3679; baseline 0.004 -22"><span class='ocrx_word' id='word_1_223' title='bbox 506 3624 573 3657; x_wconf 81' lang='lat' dir='ltr'><strong>na</strong></span> <span class='ocrx_word' id='word_1_224' title='bbox 601 3604 724 3657; x_wconf 88' lang='lat' dir='ltr'><strong>edit.</strong></span> <span class='ocrx_word' id='word_1_225' title='bbox 745 3606 800 3659; x_wconf 86' lang='lat' dir='ltr'><strong>in</strong></span> <span class='ocrx_word' id='word_1_226' title='bbox 815 3624 998 3659; x_wconf 86' lang='lat' dir='ltr'><strong>omnes</strong></span> <span class='ocrx_word' id='word_1_227' title='bbox 1017 3606 1297 3678; x_wconf 84' lang='lat' dir='ltr'><strong>impressos</strong></span> <span class='ocrx_word' id='word_1_228' title='bbox 1319 3608 1513 3679; x_wconf 75' lang='lat' dir='ltr'><strong>migra-</strong></span> 
     </span>
     <span class='ocr_line' id='line_1_41' title="bbox 505 3684 1515 3753; baseline 0.006 -20"><span class='ocrx_word' id='word_1_229' title='bbox 505 3684 593 3737; x_wconf 86' lang='lat' dir='ltr'><strong>vit.</strong></span> <span class='ocrx_word' id='word_1_230' title='bbox 625 3715 696 3725; x_wconf 91' lang='lat'><strong>-—</strong></span> <span class='ocrx_word' id='word_1_231' title='bbox 722 3686 918 3753; x_wconf 72' lang='lat' dir='ltr'><strong>Tragici</strong></span> <span class='ocrx_word' id='word_1_232' title='bbox 935 3700 1111 3735; x_wconf 77' lang='lat' dir='ltr'><strong>cantus</strong></span> <span class='ocrx_word' id='word_1_233' title='bbox 1137 3687 1238 3740; x_wconf 85' lang='lat' dir='ltr'><strong>hoc</strong></span> <span class='ocrx_word' id='word_1_234' title='bbox 1267 3686 1388 3740; x_wconf 89' lang='lat' dir='ltr'><strong>loco</strong></span> <span class='ocrx_word' id='word_1_235' title='bbox 1407 3706 1515 3739; x_wconf 81' lang='lat' dir='ltr'><strong>uon</strong></span> 
     </span>
     <span class='ocr_line' id='line_1_42' title="bbox 503 3762 1515 3836; baseline 0.002 -20"><span class='ocrx_word' id='word_1_236' title='bbox 503 3762 799 3835; x_wconf 74' lang='lat' dir='ltr'><strong>accipiendi</strong></span> <span class='ocrx_word' id='word_1_237' title='bbox 835 3775 957 3815; x_wconf 86' lang='lat' dir='ltr'><strong>sunt</strong></span> <span class='ocrx_word' id='word_1_238' title='bbox 975 3764 1044 3817; x_wconf 87' lang='lat' dir='ltr'><strong>de</strong></span> <span class='ocrx_word' id='word_1_239' title='bbox 1065 3764 1159 3830; x_wconf 83' lang='lat' dir='ltr'><strong>iis,</strong></span> <span class='ocrx_word' id='word_1_240' title='bbox 1184 3765 1278 3836; x_wconf 87' lang='lat' dir='ltr'><strong>qui</strong></span> <span class='ocrx_word' id='word_1_241' title='bbox 1303 3766 1438 3818; x_wconf 84' lang='lat' dir='ltr'><strong>fiunt</strong></span> <span class='ocrx_word' id='word_1_242' title='bbox 1459 3766 1515 3818; x_wconf 85' lang='lat' dir='ltr'><strong>in</strong></span> 
     </span>
     <span class='ocr_line' id='line_1_43' title="bbox 507 3842 1519 3897; baseline 0.003 -3"><span class='ocrx_word' id='word_1_243' title='bbox 507 3858 660 3894; x_wconf 76' lang='lat' dir='ltr'><strong>scena</strong></span> <span class='ocrx_word' id='word_1_244' title='bbox 687 3842 755 3895; x_wconf 78' lang='lat' dir='ltr'><strong>ab</strong></span> <span class='ocrx_word' id='word_1_245' title='bbox 779 3844 1043 3896; x_wconf 73' lang='lat' dir='ltr'><strong>actoribus</strong></span> <span class='ocrx_word' id='word_1_246' title='bbox 1071 3843 1372 3897; x_wconf 74' lang='lat' dir='ltr'><strong>fabularum</strong></span> <span class='ocrx_word' id='word_1_247' title='bbox 1417 3856 1519 3897; x_wconf 77' lang='lat' dir='ltr'><strong>trs·</strong></span> 
     </span>
     <span class='ocr_line' id='line_1_44' title="bbox 509 3921 1519 3992; baseline 0.003 -20"><span class='ocrx_word' id='word_1_248' title='bbox 509 3921 912 3992; x_wconf 70' lang='lat' dir='ltr'><strong>gicsruimquaei</strong></span> <span class='ocrx_word' id='word_1_249' title='bbox 934 3922 1287 3977; x_wconf 72' lang='lat' dir='ltr'><strong>Maximianus</strong></span> <span class='ocrx_word' id='word_1_250' title='bbox 1306 3942 1362 3977; x_wconf 86' lang='lat' dir='ltr'><strong>se</strong></span> <span class='ocrx_word' id='word_1_251' title='bbox 1377 3922 1519 3977; x_wconf 82' lang='lat' dir='ltr'><strong>dicat</strong></span> 
     </span>
     <span class='ocr_line' id='line_1_45' title="bbox 509 4000 1518 4074; baseline 0.002 -21"><span class='ocrx_word' id='word_1_252' title='bbox 509 4000 747 4055; x_wconf 77' lang='lat' dir='ltr'><strong>serviisse</strong></span> <span class='ocrx_word' id='word_1_253' title='bbox 759 4020 924 4056; x_wconf 77' lang='lat' dir='ltr'><strong>scenoe</strong></span> <span class='ocrx_word' id='word_1_254' title='bbox 938 4041 955 4068; x_wconf 91' lang='lat'>,</span> <span class='ocrx_word' id='word_1_255' title='bbox 983 4014 1032 4056; x_wconf 87' lang='lat' dir='ltr'><strong>et</strong></span> <span class='ocrx_word' id='word_1_256' title='bbox 1054 4000 1284 4074; x_wconf 82' lang='lat' dir='ltr'><strong>reliquos</strong></span> <span class='ocrx_word' id='word_1_257' title='bbox 1311 4002 1518 4056; x_wconf 79' lang='lat' dir='ltr'><strong>histrio-</strong></span> 
     </span>
    </p>
   </div>
   <div class='ocr_carea' id='block_1_6' title="bbox 1592 1478 2627 4077">
    <p class='ocr_par' dir='ltr' id='par_1_9' title="bbox 1592 1478 2619 3128">
     <span class='ocr_line' id='line_1_46' title="bbox 1592 1478 2607 1552; baseline -0.003 -18"><span class='ocrx_word' id='word_1_258' title='bbox 1592 1500 1685 1536; x_wconf 80' lang='lat' dir='ltr'><strong>nes</strong></span> <span class='ocrx_word' id='word_1_259' title='bbox 1704 1491 1861 1536; x_wconf 74' lang='lat' dir='ltr'><strong>cantu</strong></span> <span class='ocrx_word' id='word_1_260' title='bbox 1876 1499 2177 1552; x_wconf 72' lang='lat' dir='ltr'><strong>superasse3</strong></span> <span class='ocrx_word' id='word_1_261' title='bbox 2202 1478 2294 1534; x_wconf 84' lang='lat' dir='ltr'><strong>sed</strong></span> <span class='ocrx_word' id='word_1_262' title='bbox 2312 1481 2607 1550; x_wconf 76' lang='lat' dir='ltr'><strong>generatim</strong></span> 
     </span>
     <span class='ocr_line' id='line_1_47' title="bbox 1592 1557 2605 1621; baseline -0.003 -8"><span class='ocrx_word' id='word_1_263' title='bbox 1592 1573 1718 1614; x_wconf 84' lang='lat' dir='ltr'><strong>suut</strong></span> <span class='ocrx_word' id='word_1_264' title='bbox 1734 1560 1961 1614; x_wconf 73' lang='lat' dir='ltr'><strong>maximo</strong></span> <span class='ocrx_word' id='word_1_265' title='bbox 1987 1559 2217 1613; x_wconf 76' lang='lat' dir='ltr'><strong>clamore</strong></span> <span class='ocrx_word' id='word_1_266' title='bbox 2238 1571 2291 1612; x_wconf 90' lang='lat' dir='ltr'><strong>et</strong></span> <span class='ocrx_word' id='word_1_267' title='bbox 2308 1577 2439 1612; x_wconf 79' lang='lat' dir='ltr'><strong>sono</strong></span> <span class='ocrx_word' id='word_1_268' title='bbox 2456 1557 2605 1621; x_wconf 84' lang='lat' dir='ltr'><strong>editi,</strong></span> 
     </span>
     <span class='ocr_line' id='line_1_48' title="bbox 1594 1637 2606 1710; baseline -0.001 -20"><span class='ocrx_word' id='word_1_269' title='bbox 1594 1639 1842 1710; x_wconf 77' lang='lat' dir='ltr'><strong>quoniam</strong></span> <span class='ocrx_word' id='word_1_270' title='bbox 1880 1638 2065 1710; x_wconf 77' lang='lat' dir='ltr'><strong>tragici</strong></span> <span class='ocrx_word' id='word_1_271' title='bbox 2090 1637 2385 1692; x_wconf 74' lang='lat' dir='ltr'><strong>induebant</strong></span> <span class='ocrx_word' id='word_1_272' title='bbox 2426 1655 2606 1708; x_wconf 77' lang='lat' dir='ltr'><strong>perso-</strong></span> 
     </span>
     <span class='ocr_line' id='line_1_49' title="bbox 1594 1715 2609 1789; baseline -0.001 -20"><span class='ocrx_word' id='word_1_273' title='bbox 1594 1735 1691 1769; x_wconf 81' lang='lat' dir='ltr'><strong>nas</strong></span> <span class='ocrx_word' id='word_1_274' title='bbox 1717 1736 1745 1768; x_wconf 86' lang='lat' dir='ltr'><strong>e</strong></span> <span class='ocrx_word' id='word_1_275' title='bbox 1764 1717 1912 1789; x_wconf 78' lang='lat' dir='ltr'><strong>ligno</strong></span> <span class='ocrx_word' id='word_1_276' title='bbox 1932 1729 2119 1770; x_wconf 76' lang='lat' dir='ltr'><strong>cavato</strong></span> <span class='ocrx_word' id='word_1_277' title='bbox 2138 1731 2191 1770; x_wconf 84' lang='lat' dir='ltr'><strong>et</strong></span> <span class='ocrx_word' id='word_1_278' title='bbox 2206 1735 2299 1770; x_wconf 84' lang='lat' dir='ltr'><strong>ore</strong></span> <span class='ocrx_word' id='word_1_279' title='bbox 2326 1715 2509 1768; x_wconf 79' lang='lat' dir='ltr'><strong>hiante</strong></span> <span class='ocrx_word' id='word_1_280' title='bbox 2529 1716 2609 1768; x_wconf 74' lang='lat' dir='ltr'><strong>sa-</strong></span> 
     </span>
     <span class='ocr_line' id='line_1_50' title="bbox 1594 1793 2607 1868; baseline -0.001 -22"><span class='ocrx_word' id='word_1_281' title='bbox 1594 1807 1702 1848; x_wconf 74' lang='lat' dir='ltr'><strong>etas</strong></span> <span class='ocrx_word' id='word_1_282' title='bbox 1713 1832 1729 1858; x_wconf 86' lang='lat'>,</span> <span class='ocrx_word' id='word_1_283' title='bbox 1750 1811 1845 1866; x_wconf 85' lang='lat' dir='ltr'><strong>per</strong></span> <span class='ocrx_word' id='word_1_284' title='bbox 1852 1813 1985 1868; x_wconf 76' lang='lat' dir='ltr'><strong>quas</strong></span> <span class='ocrx_word' id='word_1_285' title='bbox 1999 1814 2155 1849; x_wconf 80' lang='lat' dir='ltr'><strong>sonus</strong></span> <span class='ocrx_word' id='word_1_286' title='bbox 2167 1795 2335 1848; x_wconf 83' lang='lat' dir='ltr'><strong>multo</strong></span> <span class='ocrx_word' id='word_1_287' title='bbox 2348 1793 2607 1866; x_wconf 72' lang='lat' dir='ltr'><strong>grandior</strong></span> 
     </span>
     <span class='ocr_line' id='line_1_51' title="bbox 1594 1874 2609 1946; baseline -0.002 -20"><span class='ocrx_word' id='word_1_288' title='bbox 1594 1874 1747 1926; x_wconf 79' lang='lat' dir='ltr'><strong>solito</strong></span> <span class='ocrx_word' id='word_1_289' title='bbox 1784 1874 2129 1927; x_wconf 76' lang='lat' dir='ltr'><strong>emittebatur.</strong></span> <span class='ocrx_word' id='word_1_290' title='bbox 2158 1874 2279 1938; x_wconf 89' lang='lat' dir='ltr'><strong>Quo</strong></span> <span class='ocrx_word' id='word_1_291' title='bbox 2318 1885 2477 1946; x_wconf 83' lang='lat' dir='ltr'><strong>pacto</strong></span> <span class='ocrx_word' id='word_1_292' title='bbox 2514 1891 2609 1925; x_wconf 70' lang='lat' dir='ltr'><strong>at}-</strong></span> 
     </span>
     <span class='ocr_line' id='line_1_52' title="bbox 1596 1952 2611 2006; baseline 0 -2"><span class='ocrx_word' id='word_1_293' title='bbox 1596 1963 1713 2004; x_wconf 86' lang='lat' dir='ltr'><strong>ctor</strong></span> <span class='ocrx_word' id='word_1_294' title='bbox 1748 1953 1855 2006; x_wconf 82' lang='lat' dir='ltr'><strong>vim</strong></span> <span class='ocrx_word' id='word_1_295' title='bbox 1890 1952 2035 2006; x_wconf 80' lang='lat' dir='ltr'><strong>vocis</strong></span> <span class='ocrx_word' id='word_1_296' title='bbox 2060 1963 2111 2005; x_wconf 86' lang='lat' dir='ltr'><strong>et</strong></span> <span class='ocrx_word' id='word_1_297' title='bbox 2134 1954 2360 2006; x_wconf 72' lang='lat' dir='ltr'><strong>laterum</strong></span> <span class='ocrx_word' id='word_1_298' title='bbox 2388 1970 2611 2004; x_wconf 82' lang='lat' dir='ltr'><strong>suorum</strong></span> 
     </span>
     <span class='ocr_line' id='line_1_53' title="bbox 1594 2030 2611 2103; baseline -0.002 -19"><span class='ocrx_word' id='word_1_299' title='bbox 1594 2030 1822 2094; x_wconf 84' lang='lat' dir='ltr'><strong>extollit,</strong></span> <span class='ocrx_word' id='word_1_300' title='bbox 1854 2049 2019 2103; x_wconf 72' lang='lat' dir='ltr'><strong>eaque</strong></span> <span class='ocrx_word' id='word_1_301' title='bbox 2046 2031 2293 2084; x_wconf 81' lang='lat' dir='ltr'><strong>maximos</strong></span> <span class='ocrx_word' id='word_1_302' title='bbox 2320 2032 2477 2084; x_wconf 79' lang='lat' dir='ltr'><strong>etiam</strong></span> <span class='ocrx_word' id='word_1_303' title='bbox 2502 2031 2611 2084; x_wconf 80' lang='lat' dir='ltr'><strong>cla-</strong></span> 
     </span>
     <span class='ocr_line' id='line_1_54' title="bbox 1597 2107 2611 2180; baseline -0.001 -19"><span class='ocrx_word' id='word_1_304' title='bbox 1597 2127 1791 2175; x_wconf 79' lang='lat' dir='ltr'><strong>mores,</strong></span> <span class='ocrx_word' id='word_1_305' title='bbox 1818 2109 2001 2180; x_wconf 77' lang='lat' dir='ltr'><strong>quales</strong></span> <span class='ocrx_word' id='word_1_306' title='bbox 2030 2111 2355 2180; x_wconf 77' lang='lat' dir='ltr'><strong>tragicorum</strong></span> <span class='ocrx_word' id='word_1_307' title='bbox 2388 2107 2517 2168; x_wconf 85' lang='lat' dir='ltr'><strong>sint,</strong></span> <span class='ocrx_word' id='word_1_308' title='bbox 2554 2127 2611 2160; x_wconf 83' lang='lat' dir='ltr'><strong>se</strong></span> 
     </span>
     <span class='ocr_line' id='line_1_55' title="bbox 1597 2189 2609 2244; baseline 0 -4"><span class='ocrx_word' id='word_1_309' title='bbox 1597 2189 1781 2243; x_wconf 85' lang='lat' dir='ltr'><strong>vicisse</strong></span> <span class='ocrx_word' id='word_1_310' title='bbox 1796 2189 2054 2244; x_wconf 76' lang='lat' dir='ltr'><strong>adfirmat.</strong></span> <span class='ocrx_word' id='word_1_311' title='bbox 2080 2191 2365 2243; x_wconf 79' lang='lat' dir='ltr'><strong>Declarant</strong></span> <span class='ocrx_word' id='word_1_312' title='bbox 2388 2189 2444 2241; x_wconf 83' lang='lat' dir='ltr'><strong>hi</strong></span> <span class='ocrx_word' id='word_1_313' title='bbox 2474 2190 2609 2241; x_wconf 82' lang='lat' dir='ltr'><strong>Pru-</strong></span> 
     </span>
     <span class='ocr_line' id='line_1_56' title="bbox 1596 2267 2608 2341; baseline 0 -21"><span class='ocrx_word' id='word_1_314' title='bbox 1596 2267 1761 2320; x_wconf 84' lang='lat' dir='ltr'><strong>dentii</strong></span> <span class='ocrx_word' id='word_1_315' title='bbox 1814 2288 1989 2322; x_wconf 79' lang='lat' dir='ltr'><strong>versus</strong></span> <span class='ocrx_word' id='word_1_316' title='bbox 2032 2281 2215 2322; x_wconf 82' lang='lat' dir='ltr'><strong>contra</strong></span> <span class='ocrx_word' id='word_1_317' title='bbox 2262 2269 2463 2341; x_wconf 84' lang='lat' dir='ltr'><strong>Symm.</strong></span> <span class='ocrx_word' id='word_1_318' title='bbox 2518 2270 2575 2320; x_wconf 84' lang='lat'><strong>11</strong></span> <span class='ocrx_word' id='word_1_319' title='bbox 2590 2307 2608 2331; x_wconf 88' lang='lat'>,</span> 
     </span>
     <span class='ocr_line' id='line_1_57' title="bbox 1596 2349 2613 2419; baseline 0.002 -20"><span class='ocrx_word' id='word_1_320' title='bbox 1596 2350 1701 2410; x_wconf 70' lang='lat'><strong>646</strong></span> <span class='ocrx_word' id='word_1_321' title='bbox 1722 2369 1736 2401; x_wconf 89' lang='lat'>:</span> <span class='ocrx_word' id='word_1_322' title='bbox 1767 2372 1790 2395; x_wconf 81' lang='grc' dir='ltr'><strong>ιι</strong></span> <span class='ocrx_word' id='word_1_323' title='bbox 1808 2349 1880 2400; x_wconf 88' lang='lat' dir='ltr'><strong>Ut</strong></span> <span class='ocrx_word' id='word_1_324' title='bbox 1900 2349 2125 2419; x_wconf 76' lang='lat' dir='ltr'><strong>tragicus</strong></span> <span class='ocrx_word' id='word_1_325' title='bbox 2150 2360 2335 2401; x_wconf 73' lang='lat' dir='ltr'><strong>cantor</strong></span> <span class='ocrx_word' id='word_1_326' title='bbox 2355 2349 2499 2419; x_wconf 81' lang='lat' dir='ltr'><strong>ligno</strong></span> <span class='ocrx_word' id='word_1_327' title='bbox 2526 2360 2613 2401; x_wconf 84' lang='lat' dir='ltr'><strong>te-</strong></span> 
     </span>
     <span class='ocr_line' id='line_1_58' title="bbox 1596 2425 2615 2499; baseline 0.005 -22"><span class='ocrx_word' id='word_1_328' title='bbox 1596 2426 1671 2495; x_wconf 84' lang='lat' dir='ltr'><strong>git</strong></span> <span class='ocrx_word' id='word_1_329' title='bbox 1682 2446 1773 2479; x_wconf 73' lang='lat' dir='ltr'><strong>ora</strong></span> <span class='ocrx_word' id='word_1_330' title='bbox 1801 2425 2249 2490; x_wconf 80' lang='lat' dir='ltr'><strong>cavato,Grande</strong></span> <span class='ocrx_word' id='word_1_331' title='bbox 2276 2426 2493 2499; x_wconf 81' lang='lat' dir='ltr'><strong>aliquod</strong></span> <span class='ocrx_word' id='word_1_332' title='bbox 2516 2446 2615 2482; x_wconf 78' lang='lat' dir='ltr'><strong>eu·</strong></span> 
     </span>
     <span class='ocr_line' id='line_1_59' title="bbox 1593 2504 2611 2575; baseline 0.002 -19"><span class='ocrx_word' id='word_1_333' title='bbox 1593 2506 1679 2575; x_wconf 85' lang='lat' dir='ltr'><strong>jus</strong></span> <span class='ocrx_word' id='word_1_334' title='bbox 1722 2524 1817 2575; x_wconf 83' lang='lat' dir='ltr'><strong>per</strong></span> <span class='ocrx_word' id='word_1_335' title='bbox 1862 2504 2063 2558; x_wconf 81' lang='lat' dir='ltr'><strong>hiatum</strong></span> <span class='ocrx_word' id='word_1_336' title='bbox 2096 2504 2293 2557; x_wconf 87' lang='lat' dir='ltr'><strong>crimen</strong></span> <span class='ocrx_word' id='word_1_337' title='bbox 2324 2504 2531 2557; x_wconf 77' lang='lat' dir='ltr'><strong>anhelet</strong></span> <span class='ocrx_word' id='word_1_338' title='bbox 2556 2532 2611 2558; x_wconf 74' lang='grc' dir='ltr'><strong>ι.</strong></span> 
     </span>
     <span class='ocr_line' id='line_1_60' title="bbox 1597 2582 2611 2655; baseline 0.003 -22"><span class='ocrx_word' id='word_1_339' title='bbox 1597 2582 1735 2635; x_wconf 84' lang='lat' dir='ltr'><strong>Hinc</strong></span> <span class='ocrx_word' id='word_1_340' title='bbox 1761 2586 1993 2636; x_wconf 75' lang='lat' dir='ltr'><strong>bacchari</strong></span> <span class='ocrx_word' id='word_1_341' title='bbox 2019 2594 2071 2635; x_wconf 83' lang='lat' dir='ltr'><strong>et</strong></span> <span class='ocrx_word' id='word_1_342' title='bbox 2095 2586 2245 2633; x_wconf 79' lang='lat' dir='ltr'><strong>boare</strong></span> <span class='ocrx_word' id='word_1_343' title='bbox 2281 2582 2502 2655; x_wconf 80' lang='lat' dir='ltr'><strong>trugoedi</strong></span> <span class='ocrx_word' id='word_1_344' title='bbox 2522 2583 2611 2636; x_wconf 78' lang='lat' dir='ltr'><strong>di·</strong></span> 
     </span>
     <span class='ocr_line' id='line_1_61' title="bbox 1598 2661 2619 2733; baseline 0.003 -20"><span class='ocrx_word' id='word_1_345' title='bbox 1598 2673 1806 2714; x_wconf 85' lang='lat' dir='ltr'><strong>cuntur.</strong></span> <span class='ocrx_word' id='word_1_346' title='bbox 1822 2661 2062 2715; x_wconf 76' lang='lat' dir='ltr'><strong>Juvenal.</strong></span> <span class='ocrx_word' id='word_1_347' title='bbox 2079 2662 2181 2733; x_wconf 50' lang='lat' dir='ltr'><strong>VI.</strong></span> <span class='ocrx_word' id='word_1_348' title='bbox 2195 2661 2299 2715; x_wconf 80' lang='lat'><strong>635</strong></span> <span class='ocrx_word' id='word_1_349' title='bbox 2321 2681 2334 2714; x_wconf 74' lang='grc' dir='ltr'><strong><em>ε</em></strong></span> <span class='ocrx_word' id='word_1_350' title='bbox 2354 2686 2375 2707; x_wconf 76' lang='grc' dir='ltr'>ι</span> <span class='ocrx_word' id='word_1_351' title='bbox 2396 2662 2619 2716; x_wconf 75' lang='lat' dir='ltr'><strong>Grande</strong></span> 
     </span>
     <span class='ocr_line' id='line_1_62' title="bbox 1596 2739 2617 2812; baseline 0 -18"><span class='ocrx_word' id='word_1_352' title='bbox 1596 2740 1895 2812; x_wconf 83' lang='lat' dir='ltr'><strong>Sophocleo</strong></span> <span class='ocrx_word' id='word_1_353' title='bbox 1918 2758 2131 2794; x_wconf 78' lang='lat' dir='ltr'><strong>carmen</strong></span> <span class='ocrx_word' id='word_1_354' title='bbox 2156 2739 2477 2793; x_wconf 75' lang='lat' dir='ltr'><strong>bacchamur</strong></span> <span class='ocrx_word' id='word_1_355' title='bbox 2497 2742 2617 2795; x_wconf 80' lang='lat' dir='ltr'>hia-</span> 
     </span>
     <span class='ocr_line' id='line_1_63' title="bbox 1598 2820 2619 2891; baseline 0.001 -19"><span class='ocrx_word' id='word_1_356' title='bbox 1598 2832 1656 2872; x_wconf 85' lang='lat' dir='ltr'><strong>tu</strong></span> <span class='ocrx_word' id='word_1_357' title='bbox 1676 2845 1715 2873; x_wconf 78' lang='lat' dir='ltr'><strong>n.</strong></span> <span class='ocrx_word' id='word_1_358' title='bbox 1744 2821 1809 2871; x_wconf 90' lang='lat' dir='ltr'><strong>Et</strong></span> <span class='ocrx_word' id='word_1_359' title='bbox 1824 2820 2027 2891; x_wconf 82' lang='lat' dir='ltr'><strong>Apulei.</strong></span> <span class='ocrx_word' id='word_1_360' title='bbox 2048 2820 2191 2873; x_wconf 82' lang='lat' dir='ltr'><strong>Flor.</strong></span> <span class='ocrx_word' id='word_1_361' title='bbox 2207 2820 2297 2872; x_wconf 86' lang='lat' dir='ltr'><strong>lib.</strong></span> <span class='ocrx_word' id='word_1_362' title='bbox 2314 2820 2424 2880; x_wconf 80' lang='lat' dir='ltr'><strong>1le</strong></span> <span class='ocrx_word' id='word_1_363' title='bbox 2448 2846 2474 2865; x_wconf 69' lang='lat' dir='ltr'><strong>e</strong></span> <span class='ocrx_word' id='word_1_364' title='bbox 2488 2821 2619 2873; x_wconf 80' lang='lat' dir='ltr'><strong>Tra-</strong></span> 
     </span>
     <span class='ocr_line' id='line_1_64' title="bbox 1596 2897 2619 2971; baseline 0 -20"><span class='ocrx_word' id='word_1_365' title='bbox 1596 2898 1733 2970; x_wconf 78' lang='lat' dir='ltr'><strong>goedi</strong></span> <span class='ocrx_word' id='word_1_366' title='bbox 1757 2898 1812 2950; x_wconf 88' lang='lat' dir='ltr'><strong>ni</strong></span> <span class='ocrx_word' id='word_1_367' title='bbox 1832 2897 2069 2970; x_wconf 87' lang='lat' dir='ltr'><strong>quotidie</strong></span> <span class='ocrx_word' id='word_1_368' title='bbox 2084 2899 2413 2971; x_wconf 80' lang='lat' dir='ltr'><strong>proclamant</strong></span> <span class='ocrx_word' id='word_1_369' title='bbox 2426 2939 2442 2964; x_wconf 90' lang='lat'><strong>,</strong></span> <span class='ocrx_word' id='word_1_370' title='bbox 2466 2899 2619 2951; x_wconf 75' lang='lat' dir='ltr'><strong>clari·</strong></span> 
     </span>
     <span class='ocr_line' id='line_1_65' title="bbox 1598 2977 2619 3048; baseline 0.004 -21"><span class='ocrx_word' id='word_1_371' title='bbox 1598 2977 1727 3031; x_wconf 85' lang='lat' dir='ltr'><strong>tudo</strong></span> <span class='ocrx_word' id='word_1_372' title='bbox 1780 2977 1984 3031; x_wconf 62' lang='lat' dir='ltr'><strong>arteria</strong></span> <span class='ocrx_word' id='word_1_373' title='bbox 2044 2978 2325 3031; x_wconf 76' lang='lat' dir='ltr'><strong>obsolescit</strong></span> <span class='ocrx_word' id='word_1_374' title='bbox 2376 2998 2390 3031; x_wconf 77' lang='grc' dir='ltr'><strong><em>ε</em></strong></span> <span class='ocrx_word' id='word_1_375' title='bbox 2448 2978 2619 3048; x_wconf 83' lang='lat' dir='ltr'><strong>igitur</strong></span> 
     </span>
     <span class='ocr_line' id='line_1_66' title="bbox 1598 3053 2617 3128; baseline 0.004 -23"><span class='ocrx_word' id='word_1_376' title='bbox 1598 3053 1881 3109; x_wconf 87' lang='lat' dir='ltr'><strong>identidem</strong></span> <span class='ocrx_word' id='word_1_377' title='bbox 1912 3056 2122 3109; x_wconf 77' lang='lat' dir='ltr'><strong>boando</strong></span> <span class='ocrx_word' id='word_1_378' title='bbox 2144 3068 2369 3128; x_wconf 79' lang='lat' dir='ltr'><strong>purgant</strong></span> <span class='ocrx_word' id='word_1_379' title='bbox 2384 3057 2553 3109; x_wconf 75' lang='lat' dir='ltr'><strong>ravim</strong></span> <span class='ocrx_word' id='word_1_380' title='bbox 2568 3082 2617 3109; x_wconf 70' lang='grc' dir='ltr'><strong>ι.</strong></span> 
     </span>
    </p>

    <p class='ocr_par' dir='ltr' id='par_1_10' title="bbox 1598 3134 2625 3427">
     <span class='ocr_line' id='line_1_67' title="bbox 1670 3134 2620 3204; baseline 0.003 -18"><span class='ocrx_word' id='word_1_381' title='bbox 1670 3134 1755 3187; x_wconf 84' lang='grc'><strong>30.</strong></span> <span class='ocrx_word' id='word_1_382' title='bbox 1776 3134 1879 3187; x_wconf 88' lang='lat' dir='ltr'><strong>Pro</strong></span> <span class='ocrx_word' id='word_1_383' title='bbox 1901 3141 1965 3186; x_wconf 79' lang='lat' dir='ltr'><strong>Ue</strong></span> <span class='ocrx_word' id='word_1_384' title='bbox 1980 3156 2166 3204; x_wconf 81' lang='lat' dir='ltr'><strong>semper</strong></span> <span class='ocrx_word' id='word_1_385' title='bbox 2190 3138 2248 3189; x_wconf 91' lang='lat' dir='ltr'><strong>L.</strong></span> <span class='ocrx_word' id='word_1_386' title='bbox 2277 3142 2340 3187; x_wconf 76' lang='lat' dir='ltr'><strong>Ec</strong></span> <span class='ocrx_word' id='word_1_387' title='bbox 2362 3136 2620 3190; x_wconf 78' lang='lat' dir='ltr'><strong>habet.—</strong></span> 
     </span>
     <span class='ocr_line' id='line_1_68' title="bbox 1598 3214 2623 3282; baseline 0.001 -13"><span class='ocrx_word' id='word_1_388' title='bbox 1598 3214 1688 3269; x_wconf 84' lang='lat' dir='ltr'><strong>Set</strong></span> <span class='ocrx_word' id='word_1_389' title='bbox 1706 3230 1758 3266; x_wconf 80' lang='lat' dir='ltr'><strong>m</strong></span> <span class='ocrx_word' id='word_1_390' title='bbox 1778 3226 1983 3267; x_wconf 87' lang='lat' dir='ltr'><strong>rectum</strong></span> <span class='ocrx_word' id='word_1_391' title='bbox 2011 3228 2089 3270; x_wconf 83' lang='lat' dir='ltr'><strong>est</strong></span> <span class='ocrx_word' id='word_1_392' title='bbox 2107 3256 2123 3282; x_wconf 89' lang='lat'>,</span> <span class='ocrx_word' id='word_1_393' title='bbox 2150 3236 2273 3269; x_wconf 78' lang='lat' dir='ltr'><strong>uam</strong></span> <span class='ocrx_word' id='word_1_394' title='bbox 2299 3218 2413 3270; x_wconf 82' lang='lat' dir='ltr'><strong>vult</strong></span> <span class='ocrx_word' id='word_1_395' title='bbox 2430 3228 2623 3273; x_wconf 75' lang='lat' dir='ltr'><strong>auctor</strong></span> 
     </span>
     <span class='ocr_line' id='line_1_69' title="bbox 1601 3294 2625 3349; baseline 0.003 -3"><span class='ocrx_word' id='word_1_396' title='bbox 1601 3294 1871 3347; x_wconf 70' lang='lat' dir='ltr'><strong>sententiae</strong></span> <span class='ocrx_word' id='word_1_397' title='bbox 1902 3294 2210 3348; x_wconf 78' lang='lat' dir='ltr'><strong>hexametro</strong></span> <span class='ocrx_word' id='word_1_398' title='bbox 2240 3296 2501 3349; x_wconf 65' lang='lat' dir='ltr'><strong>conclusa!</strong></span> <span class='ocrx_word' id='word_1_399' title='bbox 2534 3314 2625 3348; x_wconf 76' lang='lat' dir='ltr'><strong>ra—</strong></span> 
     </span>
     <span class='ocr_line' id='line_1_70' title="bbox 1602 3373 2170 3427; baseline 0.002 -2"><span class='ocrx_word' id='word_1_400' title='bbox 1602 3373 1797 3425; x_wconf 85' lang='lat' dir='ltr'><strong>tionem</strong></span> <span class='ocrx_word' id='word_1_401' title='bbox 1815 3373 2038 3426; x_wconf 73' lang='lat' dir='ltr'><strong>adferre.</strong></span> <span class='ocrx_word' id='word_1_402' title='bbox 2066 3374 2170 3427; x_wconf 85' lang='lat' dir='ltr'><strong>En.</strong></span> 
     </span>
    </p>

    <p class='ocr_par' dir='ltr' id='par_1_11' title="bbox 1601 3452 2627 3901">
     <span class='ocr_line' id='line_1_71' title="bbox 1676 3452 2623 3508; baseline 0.004 -5"><span class='ocrx_word' id='word_1_403' title='bbox 1676 3452 1759 3503; x_wconf 75' lang='lat'><strong>3².</strong></span> <span class='ocrx_word' id='word_1_404' title='bbox 1798 3458 1980 3503; x_wconf 73' lang='lat' dir='ltr'><strong>Iuncta</strong></span> <span class='ocrx_word' id='word_1_405' title='bbox 2016 3456 2189 3504; x_wconf 81' lang='lat' dir='ltr'><strong>decore</strong></span> <span class='ocrx_word' id='word_1_406' title='bbox 2216 3454 2375 3506; x_wconf 79' lang='lat' dir='ltr'><strong>habet</strong></span> <span class='ocrx_word' id='word_1_407' title='bbox 2412 3454 2478 3505; x_wconf 82' lang='lat' dir='ltr'><strong>V.</strong></span> <span class='ocrx_word' id='word_1_408' title='bbox 2521 3454 2623 3508; x_wconf 88' lang='lat' dir='ltr'><strong>Gr.</strong></span> 
     </span>
     <span class='ocr_line' id='line_1_72' title="bbox 1601 3529 2625 3603; baseline 0.003 -20"><span class='ocrx_word' id='word_1_409' title='bbox 1601 3529 1667 3583; x_wconf 91' lang='lat' dir='ltr'><strong>G.</strong></span> <span class='ocrx_word' id='word_1_410' title='bbox 1712 3532 1887 3581; x_wconf 74' lang='lat' dir='ltr'><strong>vincta</strong></span> <span class='ocrx_word' id='word_1_411' title='bbox 1932 3532 2152 3603; x_wconf 86' lang='lat' dir='ltr'><strong>reliqui,</strong></span> <span class='ocrx_word' id='word_1_412' title='bbox 2194 3532 2340 3603; x_wconf 85' lang='lat' dir='ltr'><strong>quod</strong></span> <span class='ocrx_word' id='word_1_413' title='bbox 2390 3544 2442 3586; x_wconf 84' lang='lat' dir='ltr'><strong>et</strong></span> <span class='ocrx_word' id='word_1_414' title='bbox 2486 3532 2625 3586; x_wconf 85' lang='lat' dir='ltr'><strong>mihi</strong></span> 
     </span>
     <span class='ocr_line' id='line_1_73' title="bbox 1602 3608 2627 3680; baseline 0.004 -20"><span class='ocrx_word' id='word_1_415' title='bbox 1602 3608 1987 3680; x_wconf 67' lang='lat' dir='ltr'><strong>theferendum</strong></span> <span class='ocrx_word' id='word_1_416' title='bbox 2014 3609 2225 3663; x_wconf 81' lang='lat' dir='ltr'><strong>videtur</strong></span> <span class='ocrx_word' id='word_1_417' title='bbox 2244 3654 2259 3678; x_wconf 92' lang='lat'><strong>,</strong></span> <span class='ocrx_word' id='word_1_418' title='bbox 2293 3612 2417 3665; x_wconf 84' lang='lat' dir='ltr'><strong>licet</strong></span> <span class='ocrx_word' id='word_1_419' title='bbox 2433 3614 2627 3680; x_wconf 73' lang='lat' dir='ltr'><em>juncea</em></span> 
     </span>
     <span class='ocr_line' id='line_1_74' title="bbox 1604 3687 2623 3745; baseline 0.004 -5"><span class='ocrx_word' id='word_1_420' title='bbox 1604 3687 1751 3740; x_wconf 80' lang='lat' dir='ltr'><strong>malit</strong></span> <span class='ocrx_word' id='word_1_421' title='bbox 1770 3688 2057 3741; x_wconf 81' lang='lat' dir='ltr'><strong>Burmann.</strong></span> <span class='ocrx_word' id='word_1_422' title='bbox 2076 3690 2145 3743; x_wconf 81' lang='lat' dir='ltr'><strong>ad</strong></span> <span class='ocrx_word' id='word_1_423' title='bbox 2164 3690 2323 3744; x_wconf 79' lang='lat' dir='ltr'><strong>Anth.</strong></span> <span class='ocrx_word' id='word_1_424' title='bbox 2346 3692 2461 3745; x_wconf 79' lang='lat' dir='ltr'><strong>Lat.</strong></span> <span class='ocrx_word' id='word_1_425' title='bbox 2491 3703 2623 3745; x_wconf 85' lang='lat' dir='ltr'><strong>tom.</strong></span> 
     </span>
     <span class='ocr_line' id='line_1_75' title="bbox 1606 3767 2625 3841; baseline 0.008 -24"><span class='ocrx_word' id='word_1_426' title='bbox 1606 3767 1661 3818; x_wconf 87' lang='grc' dir='ltr'><strong>ΙΙ</strong></span> <span class='ocrx_word' id='word_1_427' title='bbox 1681 3804 1697 3829; x_wconf 85' lang='grc'><em>,</em></span> <span class='ocrx_word' id='word_1_428' title='bbox 1746 3785 1796 3837; x_wconf 86' lang='lat' dir='ltr'><strong>p.</strong></span> <span class='ocrx_word' id='word_1_429' title='bbox 1840 3768 1964 3831; x_wconf 80' lang='lat'><strong>533,</strong></span> <span class='ocrx_word' id='word_1_430' title='bbox 2005 3769 2095 3840; x_wconf 83' lang='lat' dir='ltr'><strong>qui</strong></span> <span class='ocrx_word' id='word_1_431' title='bbox 2138 3770 2211 3821; x_wconf 88' lang='lat' dir='ltr'><strong>ibi</strong></span> <span class='ocrx_word' id='word_1_432' title='bbox 2253 3790 2347 3841; x_wconf 82' lang='lat' dir='ltr'><strong>per</strong></span> <span class='ocrx_word' id='word_1_433' title='bbox 2382 3789 2625 3825; x_wconf 82' lang='lat' dir='ltr'><strong>errorem</strong></span> 
     </span>
     <span class='ocr_line' id='line_1_76' title="bbox 1606 3846 2190 3901; baseline 0.007 -4"><span class='ocrx_word' id='word_1_434' title='bbox 1606 3846 1777 3897; x_wconf 73' lang='lat' dir='ltr'><strong>vincta</strong></span> <span class='ocrx_word' id='word_1_435' title='bbox 1796 3850 1964 3898; x_wconf 82' lang='lat' dir='ltr'><strong>dolore</strong></span> <span class='ocrx_word' id='word_1_436' title='bbox 1994 3848 2190 3901; x_wconf 76' lang='lat' dir='ltr'><strong>scribit.</strong></span> 
     </span>
    </p>

    <p class='ocr_par' dir='ltr' id='par_1_12' title="bbox 1608 3924 2626 4077">
     <span class='ocr_line' id='line_1_77' title="bbox 1678 3924 2626 3979; baseline 0.001 -2"><span class='ocrx_word' id='word_1_437' title='bbox 1678 3924 1762 3977; x_wconf 80' lang='grc'><strong>33.</strong></span> <span class='ocrx_word' id='word_1_438' title='bbox 1815 3928 2135 3977; x_wconf 79' lang='lat' dir='ltr'><strong>Tolerame&#39;um</strong></span> <span class='ocrx_word' id='word_1_439' title='bbox 2182 3946 2338 3979; x_wconf 79' lang='lat' dir='ltr'><strong>rerum</strong></span> <span class='ocrx_word' id='word_1_440' title='bbox 2375 3930 2626 3978; x_wconf 71' lang='lat' dir='ltr'><strong>humma-</strong></span> 
     </span>
     <span class='ocr_line' id='line_1_78' title="bbox 1608 4004 2623 4077; baseline 0.003 -22"><span class='ocrx_word' id='word_1_441' title='bbox 1608 4024 1709 4055; x_wconf 77' lang='lat' dir='ltr'><strong>ncm</strong></span> <span class='ocrx_word' id='word_1_442' title='bbox 1745 4004 1926 4057; x_wconf 83' lang='lat' dir='ltr'><strong>tribuit</strong></span> <span class='ocrx_word' id='word_1_443' title='bbox 1970 4005 2189 4077; x_wconf 74' lang='lat' dir='ltr'><strong>sapienti</strong></span> <span class='ocrx_word' id='word_1_444' title='bbox 2220 4006 2407 4059; x_wconf 85' lang='lat' dir='ltr'><strong>Cicero</strong></span> <span class='ocrx_word' id='word_1_445' title='bbox 2436 4006 2623 4059; x_wconf 74' lang='lat' dir='ltr'><strong>Parud.</strong></span> 
     </span>
    </p>
   </div>
   <div class='ocr_carea' id='block_1_7' title="bbox 2959 7 2964 508">
    <p class='ocr_par' dir='ltr' id='par_1_13' title="bbox 2959 7 2964 508">
     <span class='ocr_line' id='line_1_79' title="bbox 2959 7 2964 508; baseline 0 0"><span class='ocrx_word' id='word_1_446' title='bbox 2959 7 2964 508; x_wconf 95' lang='lat' dir='ltr'><strong> </strong></span> 
     </span>
    </p>
   </div>
  </div>
 </body>
</html>
