2964 4690
569 371 698 444 156
893 371 1140 444 VITA
1191 379 1317 444 ET
1368 381 1639 448 ACTA
1690 379 2328 450 MAXIMIANI.

551 503 864 592 Excerpta
895 504 1122 570 incerti
1159 507 1470 588 auctoris,
1510 532 1653 596 quae
1689 508 1976 572 V‘alesius
2016 508 2357 572 Ammiano
2394 508 2675 572 Marcell.

550 607 878 692 adjunxit,
911 627 1308 694 memorant,
1345 613 1513 676 victe
1550 613 1841 678 Odoacre
1874 614 2143 678 missum
2186 637 2223 676 a
2266 612 2679 676 Theoderico

548 716 814 779 Festum
859 715 940 779 ad
984 719 1314 782 Zenonem
1357 720 1521 806 Imp.
1569 718 1651 783 de
1699 742 1987 808 purpura
2032 736 2098 783 et
2144 719 2315 809 regia
2363 717 2676 807 dignitate

548 822 860 887 sumenda
891 847 906 888 :
941 856 968 880 α
992 825 1075 888 Et
1101 825 1361 890 mittens
1388 827 1773 916 legationem
1802 825 2249 892 Theodericus
2278 829 2542 892 Festum
2576 849 2679 889 ca·

547 945 668 1016 put
689 930 906 994 Senati
931 931 1014 996 ad
1037 935 1367 996 Zenonem
1395 935 1859 1022 Imperatorem
1879 982 1897 1014 ,
1924 950 1990 998 et
2010 935 2092 997 ab
2118 933 2351 997 eedem
2380 955 2675 1021 sperans,

546 1051 791 1099 vestem
823 1049 892 1100 'se
923 1036 1196 1102 induere
1228 1039 1467 1128 regiam
1488 1071 1535 1104 n.
1576 1038 1761 1104 Idem
1792 1053 2019 1103 auctor
2044 1040 2261 1126 paulle
2297 1054 2445 1127 pest
2475 1037 2673 1102 alium

543 1141 880 1228 legationis
935 1143 1072 1222 ejus
1119 1143 1478 1231 principem
1530 1145 1826 1208 nominat
1876 1146 2179 1208 Faustum
2236 1144 2514 1230 Nigrum
2532 1191 2552 1222 ,
2612 1157 2677 1207 et

545 1245 795 1327 scribit,
820 1269 1026 1334 quum
1053 1270 1168 1338 per
1193 1247 1366 1312 idem
1396 1265 1651 1337 tempus
1680 1273 1857 1313 mors
1886 1249 2167 1314 Zenonis
2192 1249 2449 1338 cognita
2477 1263 2673 1330 esset,

543 1366 610 1415 et
653 1351 886 1440 legatie
933 1352 1228 1417 nendum
1275 1355 1678 1437 revertisset,
1728 1355 1981 1419 Gothos
2029 1355 2151 1419 sibi
2194 1352 2675 1426 Theodericum

545 1457 786 1544 Regem
812 1457 1224 1522 confirmasse
1242 1508 1261 1542 ‚
1297 1483 1429 1523 nen
1465 1476 1911 1548 exspectantes
1936 1461 2293 1540 jussionem
2323 1459 2477 1522 novi
2499 1459 2676 1522 Prin-

542 1561 700 1648 cipis
733 1563 1050 1632 Anastasii
1081 1563 1198 1653 (1).
1249 1561 1438 1630 Anne
1472 1564 1741 1630 demum
1788 1566 1999 1654 prime
2036 1581 2147 1628 aut
2183 1561 2472 1628 secunde
2503 1565 2675 1626 Ana-

543 1667 715 1729 stasii
769 1667 938 1732 hanc
985 1670 1375 1757 legationem
1427 1671 1765 1734 revertisse
1783 1719 1802 1753 ,
1861 1669 2223 1758 colligimus
2277 1691 2355 1733 ex
2408 1669 2677 1756 epistola

543 1772 775 1836 Gelasii
807 1773 996 1864 Papae
1023 1775 1105 1838 ad
1134 1777 1540 1840 Anastasium
1576 1776 1724 1840 data
1744 1825 1762 1857 ‚
1803 1777 1916 1864 qui
1949 1777 2250 1840 Faustum
2278 1790 2343 1837 et
2369 1776 2676 1838 Irenoeum

543 1880 785 1968 legates
820 1881 1147 1946 nominat:
1173 1913 1198 1938 «ι
1223 1883 1474 1946 Famuli
1500 1900 1725 1947 vestrae
1753 1883 2039 1972 pietatis,
2066 1880 2178 1944 filii
2208 1881 2369 1962 mei,
2396 1879 2677 1946 Faustus

545 1985 885 2074 magister,
919 2003 984 2050 et
1014 1989 1296 2051 lrenaeus
1318 2037 1335 2070 ,
1375 1987 1517 2050 Viri
1553 1989 1877 2068 illustres,
1911 2003 2105 2075 atque
2142 2008 2369 2050 eorum
2406 1985 2677 2049 comites

543 2090 802 2177 publica
839 2093 1160 2181 legatione
1194 2092 1577 2182 fungenteS,
1617 2091 1701 2157 ad
1746 2093 1977 2156 urbem
2019 2091 2294 2172 reversi,
2340 2105 2463 2154 etc.
2513 2089 2609 2176 (2)
2630 2121 2675 2152 υ.

543 2195 609 2258 Si
646 2197 938 2261 Gelasius
987 2195 1068 2260 de
1113 2195 1336 2260 eadem
1381 2198 1705 2287 legatione
1726 2245 1744 2277 ‚
1781 2196 1863 2261 de
1896 2219 2025 2284 qua
2056 2211 2285 2260 auctor
2318 2197 2676 2282 Excerpto-

543 2323 726 2383 rum,
758 2303 1073 2391 loquitur,
1112 2302 1289 2391 qued
1324 2301 1629 2391 equidem
1664 2301 1860 2368 credo
1881 2351 1899 2384 ,
1931 2300 2189 2367 videtur
2214 2301 2323 2365 hic
2354 2324 2391 2365 e
2420 2299 2677 2365 Gelasio

543 2405 985 2496 corrigendus,
1003 2424 1077 2472 ut
1109 2432 1230 2497 pre
1261 2408 1593 2472 direxerat
1610 2410 1920 2473 Faustum
1938 2409 2216 2496 Nigrum
2242 2408 2492 2497 legatur
2510 2406 2680 2469 Fau-

539 2528 702 2577 stum
745 2526 809 2578 et
847 2516 1164 2580 Irenaeum
1193 2512 1310 2602 (3).
1355 2516 1523 2579 Sam.
1562 2516 1909 2604 Basnagius
1954 2514 2038 2579 ad
2083 2515 2251 2578 hanc
2284 2513 2674 2602 legationem

544 2620 740 2683 refert
792 2620 1125 2707 epistelam
1183 2620 1577 2716 Theoderici
1625 2619 1802 2708 apud
1850 2619 2307 2685 cassiodorum
2332 2668 2349 2700 ,
2398 2639 2677 2705 eamque

611 2847 688 2915 (1)
723 2843 1124 2898 «Theodericus
1155 2845 1209 2896 in
1236 2844 1550 2915 legationem
1578 2841 1837 2895 direxerat
1863 2842 2121 2911 Faustum
2154 2840 2378 2912 Nigrum
2408 2837 2477 2891 ad
2503 2840 2677 2891 Zeno-

541 2950 680 2985 nem.
701 2933 770 2983 At
790 2932 883 2985 ubi
909 2932 1118 3004 cognita
1135 2944 1307 2985 morte
1329 2934 1442 3003 ejus
1463 2942 1747 3003 antequam
1776 2930 1966 3001 legatie
1989 2938 2362 2993 reverteretur,
2388 2939 2450 2979 ut
2472 2927 2679 2998 ingres·

541 3040 628 3073 sus
653 3032 732 3073 est
755 3022 1062 3074 Ravennam
1079 3056 1095 3083 ‚
1125 3020 1288 3073 Gothi
1311 3019 1413 3073 sibi
1437 3018 1887 3073 confirmaverunt
1910 3014 2305 3069 Theodericum
2328 3032 2507 3087 regem
2524 3054 2540 3081 ‚
2566 3032 2677 3067 non

540 3121 894 3180 exspectantes
914 3108 1204 3181 jussionem
1234 3107 1360 3159 nevi
1389 3106 1645 3178 Principis
1664 3132 1705 3156 a.

611 3199 688 3265 (a)
722 3194 906 3249 Adfert
930 3196 1044 3249 haec
1070 3196 1230 3249 verba
1249 3196 1391 3248 Sam.
1415 3202 1683 3263 Basnage,
1706 3194 1896 3246 Annal.
1922 3192 2073 3245 Polit.
2100 3193 2302 3246 Eccles.
2324 3203 2451 3243 tom.
2470 3188 2579 3255 111,
2607 3190 2677 3243 ad

544 3302 664 3335 ann.
685 3284 786 3351 493
804 3324 817 3346 ,
844 3305 897 3356 p.
922 3286 1052 3352 584,
1077 3304 1229 3337 uum.
1253 3284 1352 3336 111.

611 3372 690 3442 (3)
723 3373 806 3427 Sic
845 3386 1105 3440 statuere,
1141 3372 1277 3425 mihi
1307 3371 1631 3444 probabilius
1664 3369 1901 3436 videtur,
1939 3388 2099 3441 quam
2140 3367 2287 3440 quod
2312 3367 2640 3421 Fontaninus
2661 3408 2676 3431 ,

544 3480 597 3531 p.
627 3459 694 3513 56
713 3498 730 3523 ‚
757 3460 1032 3531 opinatur,
1063 3478 1230 3533 quum
1266 3478 1458 3512 nomen
1502 3458 1689 3511 Irenaei
1728 3474 1993 3529 nusquam
2020 3467 2263 3509 occurrat
2297 3453 2440 3527 apud
2468 3452 2682 3507 Cassio-

541 3548 730 3601 derum
748 3587 763 3614 ,
803 3546 948 3601 hune
997 3550 1210 3602 fortasse
1253 3548 1412 3601 fuisse
1459 3546 1879 3599 multinominem
1898 3585 1915 3611 ,
1966 3563 2029 3597 ex
2076 3543 2219 3597 illius
2264 3543 2439 3597 saculi
2488 3560 2645 3595 more
2662 3582 2681 3607 ,

541 3655 701 3708 quem
728 3636 933 3707 egregie
958 3638 1204 3708 explicuit
1227 3638 1259 3689 J
1263 3656 1343 3690 ac.
1376 3634 1686 3689 sirmondus
1712 3635 1767 3687 in
1798 3636 1935 3713 netis
1960 3633 2028 3687 ad
2060 3632 2337 3687 Sidonium
2356 3669 2373 3697 ,
2420 3630 2558 3684 adeo
2586 3642 2647 3683 ut
2664 3670 2681 3693 ‚

540 3723 992 3795 quemadmodum
1023 3726 1334 3796 Anonymus
1371 3723 1682 3777 Valesianus
1717 3730 1945 3774 Faustum
1976 3725 2187 3790 Nigrum
2223 3719 2479 3791 adpellat,
2514 3738 2681 3790 quem

539 3810 780 3864 Gelasius
799 3816 1025 3864 Faustum
1052 3812 1432 3882 adpellaverat,
1459 3813 1535 3864 sic
1552 3812 1903 3866 Maximianus
1923 3808 2224 3863 Cassiederi
2253 3809 2411 3861 fuerit
2440 3808 2683 3861 heuneus

541 3898 752 3952 Gelasii.
785 3902 900 3970 Ego
926 3920 1053 3953 vere
1079 3899 1180 3953 hac
1207 3902 1262 3954 in
1289 3902 1539 3953 sententia
1568 3900 1807 3953 emnium
1845 3899 2057 3951 minime
2082 3915 2411 3969 concoquere
2430 3914 2685 3968 possum,

545 3987 956 4049 Maximianum,
983 3988 1027 4040 si
1067 3990 1296 4041 Irenaeus
1333 3987 1532 4040 Gelasii
1573 3998 1677 4052 est,
1706 3988 1775 4039 ab
1808 4006 1871 4038 eo
1908 3984 2043 4037 inter
2066 3985 2203 4037 filios
2234 4002 2353 4037 suos
2380 3982 2683 4047 numerari,

515 4138 523 4146 ὲ
545 4076 636 4147 qui
659 4076 860 4128 nullam
887 4074 1018 4129 adeo
1043 4075 1268 4147 speciem
1293 4075 1600 4129 Christiana
1625 4073 1827 4144 pietatis
1850 4072 2058 4143 praebct.
