2964 4690
478 326 519 395 3
532 350 555 395 1
568 324 615 395 6
842 316 871 330 “
1218 327 1269 393 Ρ
1286 325 1424 393 RO
1438 324 1552 391 OE
1566 322 1640 389 M
1655 324 1687 390 I
1701 324 1760 390 U
1783 324 1856 391 M

474 456 699 544 primis
730 456 1175 521 conviviorum
1219 476 1679 540 coenarumque
1699 501 1716 534 ,
1760 452 1824 515 in
1865 452 2105 539 quibus
2145 432 2465 539 praecipue
2497 452 2602 515 Sa-

474 561 760 625 turnales
780 610 797 639 ‚
844 561 1163 625 luxuriam
1197 577 1263 625 et
1290 559 1712 648 petulantiam
1741 574 2060 621 coercent.
2089 558 2320 621 Canon
2345 557 2600 620 concilii

478 667 821 731 Laodiceni
872 667 965 755 (1)
1018 667 1323 755 prohibet
1374 664 1774 729 Christianos
1829 662 1914 726 ad
1961 663 2218 750 nuptias
2271 662 2602 725 venientes

479 773 714 837 ballare
739 790 805 838 et
821 772 1077 854 saltare,
1106 781 1233 836 ἀλλὰ
1257 789 1447 853 σεμνῶς
1465 776 1679 835 &nimrim
1702 780 1736 838 s
1757 778 2053 851 ἁριστᾷν,ὧς
2073 780 2250 849 spem:
2273 778 2602 847 Χριστιανοῖς.

477 895 543 944 et
591 880 809 967 paullo
858 897 1008 968 post
1047 877 1142 965 (2)
1193 896 1498 944 vetantur
1551 878 1696 942 laici
1740 877 1978 965 pariter
2025 898 2100 940 ac
2145 873 2508 939 sacerdotes
2551 886 2606 935 ἐκ

474 994 719 1065 συμβολῆς
764 998 1021 1064 συμπόσια.
1060 1000 1320 1079 ierurgiam
1360 988 1588 1053 Coenas
1627 984 1993 1049 Saturnales
2029 982 2329 1070 inprimis
2363 981 2606 1045 descri—
2673 988 2676 991 ’

477 1092 632 1156 bere
665 1108 731 1156 et
762 1091 1063 1157 detestari
1096 1092 1375 1157 arbitror
1410 1092 1810 1182 Cyprianum
1831 1138 1850 1172 ,
1887 1090 2010 1153 nisi
2043 1088 2186 1176 quis
2223 1087 2382 1151 alius
2419 1104 2606 1151 vetus

476 1198 753 1285 scriptor
784 1216 882 1263 est
900 1247 918 1279 ,
962 1200 1032 1262 in
1073 1198 1361 1286 Epistola
1398 1197 1481 1262 de
1519 1196 1948 1285 Spectaculis:
1976 1224 2000 1249 σι
2025 1194 2152 1259 Sed
2183 1210 2259 1257 ut
2297 1192 2379 1257 ad
2411 1214 2610 1258 coenae

474 1303 605 1382 jam
649 1304 807 1367 sales
856 1302 1325 1370 inverecundos
1374 1304 1717 1369 transitum
1777 1302 2004 1366 faciam
2031 1349 2049 1382 ‚
2117 1297 2324 1388 pudet
2369 1300 2612 1363 referre

432 1475 443 1493 ,
479 1431 624 1495 quae
658 1406 998 1490 dicuntur,
1040 1408 1241 1498 pudet
1277 1410 1475 1472 etiam
1515 1428 1815 1471 accusare
1848 1428 1992 1493 quae
2027 1404 2238 1469 fiunt:
2277 1404 2610 1493 agentium

480 1514 773 1603 strophas
793 1561 812 1595 ,
856 1513 1302 1579 adulterorum
1357 1514 1629 1578 fallacias
1657 1560 1676 1595 ,
1735 1511 2088 1577 mulierum
2138 1508 2573 1598 impudicitias
2592 1557 2612 1589 ,

481 1620 776 1683 scurriles
807 1621 994 1699 jocos
1012 1670 1032 1703 ,
1064 1621 1375 1708 parasitos
1406 1618 1704 1685 sordidos
1721 1665 1740 1699 ,
1773 1633 1896 1682 etc.
1920 1645 1948 1674 τι
1986 1615 2120 1699 Qui
2149 1616 2618 1704 igituespecta·

480 1726 643 1788 culis
686 1748 1089 1815 paganorum
1146 1724 1411 1791 ludicris
1436 1774 1455 1806 ,
1503 1741 1569 1789 et
1615 1722 1988 1788 scurrilibus
2037 1743 2364 1787 coenarum
2404 1720 2572 1800 jocis
2591 1766 2607 1799 ‚

482 1846 708 1893 contra
738 1830 1017 1894 ecclesiae
1043 1848 1359 1919 praecepta
1384 1832 1651 1894 interest
1672 1877 1690 1911 ,
1721 1849 1934 1916 neque
1967 1844 2228 1891 veretur
2251 1825 2324 1890 id
2352 1824 2622 1913 publico

484 1932 773 2022 profiteri
802 1935 1043 2023 scripto
1061 1983 1080 2015 ,
1109 1936 1163 1999 is
1194 1936 1602 1999 Christianus
1631 1956 1769 1999 esse
1796 1956 1932 1997 non
1957 1932 2238 2014 videtur,
2267 1947 2333 1995 et
2357 1930 2622 1995 Lactan-

484 2038 646 2103 tium
669 2090 685 2115 ‚
737 2038 1359 2105 verecundissimum
1410 2028 1970 2126 castissimumque
2021 2038 2398 2125 scriptorem
2423 2082 2440 2117 ,
2491 2036 2622 2099 isto

484 2145 767 2233 Prologo
801 2146 1021 2233 loqui,
1058 2143 1470 2208 temerarium
1498 2142 1787 2223 judicare
1823 2160 1939 2207 est.
1975 2142 2205 2230 Neque
2243 2142 2618 2230 quempiam

486 2248 891 2313 eruditorum
928 2250 1240 2314 exstitisse
1278 2264 1444 2337 puto
1463 2297 1481 2331 ,
1527 2250 1644 2337 qui
1687 2249 2106 2338 Symposium
2144 2244 2402 2336 poetam
2445 2247 2618 2310 inter

485 2356 882 2420 Christianos
913 2356 1255 2443 scriptores
1288 2356 1589 2438 referret;
1629 2357 1744 2443 qui
1782 2377 1937 2419 vero
1979 2355 2361 2419 Christianis
2393 2375 2624 2418 accen-

486 2485 627 2527 sere
668 2479 1080 2544 metuerunt,
1124 2486 1331 2551 quum
1376 2463 1630 2528 occasio
1669 2477 1836 2528 esset
1858 2512 1877 2543 ,
1919 2462 2182 2526 eosdem
2227 2478 2389 2550 puto
2433 2464 2626 2527 tacite

486 2589 638 2632 eum
689 2591 809 2656 pro
859 2569 1077 2657 gentili
1128 2569 1394 2634 homine
1444 2569 1787 2650 habuisse,
1837 2584 1903 2632 et
1945 2566 2214 2656 quidem
2253 2568 2340 2632 ob
2375 2569 2582 2656 ipsam
2607 2617 2624 2642 ‚

488 2695 684 2761 quam
727 2674 893 2756 dixi,
940 2675 1195 2766 Prologi
1243 2677 1651 2764 proterviam.
1706 2673 1897 2739 Unde
1941 2691 2113 2738 certe
2157 2691 2288 2755 est,
2335 2675 2516 2762 quod
2553 2676 2624 2738 in

492 2778 945 2866 antiquissimo
996 2777 1221 2842 codice
1272 2777 1387 2842 MS
1435 2777 1832 2866 Anglicano,
1887 2791 1962 2840 ut
2016 2777 2441 2840 Heumannus
2485 2777 2630 2864 ipse

492 2898 765 2947 testatur
787 2882 918 2971 (3),
938 2883 1019 2947 ad
1044 2906 1287 2948 nomen
1316 2883 1726 2971 symphosii,
1747 2905 1940 2947 versu
1961 2883 2178 2970 primo
2197 2881 2626 2969 praefationis,

489 3003 739 3052 vetusta
789 3011 1017 3052 manus
1077 2987 1418 3074 adscripsit
1452 3011 1469 3051 τ
1525 2992 1630 3051 vir
1675 2987 1944 3075 gentiltk.
1993 2989 2235 3076 Caspar
2285 2987 2584 3052 Bai-thius
2608 3036 2628 3066 ,

492 3115 753 3156 suarum
778 3095 1245 3159 sententiarum
1274 3115 1528 3184 semper
1564 3095 1852 3158 incertus
1881 3109 1948 3157 et
1971 3095 2344 3178 inconstans
2365 3141 2384 3174 ,
2417 3114 2630 3181 quum

492 3196 561 3257 in
587 3196 808 3263 Indice
834 3199 1050 3286 primo
1083 3196 1477 3263 Adversariis
1504 3199 1637 3261 suis
1659 3196 1911 3263 adnexo
1933 3246 1952 3279 ,
1985 3197 2274 3285 itemque
2297 3198 2366 3262 in
2393 3199 2587 3262 tertio
2609 3246 2628 3279 ,

492 3299 907 3389 symposium
950 3304 1121 3368 inter
1166 3303 1512 3390 scriptores
1553 3303 1851 3368 ethnicos
1887 3285 2214 3366 retulisset
2231 3351 2249 3384 ,
2287 3303 2356 3366 in
2390 3317 2630 3390 quarto

490 3404 717 3470 Indice
750 3409 1129 3474 Christianis
1166 3409 1582 3492 adnumerat,
1619 3409 1734 3474 sed
1761 3409 1889 3474 hoc
1919 3409 2062 3496 ipso
2099 3407 2454 3498 signifieat,
2487 3429 2630 3472 ma-

492 3512 589 3600 gis
626 3534 777 3577 eum
820 3537 942 3602 pro
977 3516 1197 3605 gentili
1224 3565 1243 3598 ‚
1290 3539 1484 3604 quam
1531 3539 1653 3605 pro
1704 3515 2066 3580 Christiana
2117 3515 2442 3604 Symposii
2479 3514 2632 3579 reli·

565 3741 643 3806 (1)
678 3737 787 3801 Qui
818 3737 871 3789 in
912 3738 1097 3792 codice
1123 3757 1388 3794 canonum
1418 3739 1668 3794 Ecclesia
1698 3739 1952 3794 universae
1969 3780 1984 3805 ,
2021 3757 2053 3792 a
2079 3739 2145 3792 G.
2163 3739 2228 3790 T.
2257 3739 2459 3792 Meiere
2487 3737 2636 3792 editu

497 3835 573 3878 est
596 3823 822 3888 CLVII,
846 3843 902 3895 p.
928 3844 1045 3896 117.

557 3931 633 3998 (a)
666 3931 881 3984 Canone
906 3931 1088 3985 CLIX.
1353 3981 1365 3988 .

567 4035 645 4105 (3)
680 4035 741 4088 ln
764 4037 909 4108 prof.
930 4037 997 4090 ad
1018 4038 1199 4109 Symp.
1227 4040 1371 4092 Lact.
1392 4041 1422 4106 S
1444 4039 1679 4092 xxxlx
1695 4077 1710 4106 ‚
1729 4057 1782 4110 p.
1807 4041 1890 4090 56.
