2964 4690
1133 331 1507 454 MEDizA.

2239 386 2387 480 [249

736 509 963 579 Oculis
995 509 1136 577 haec
1166 508 1452 602 adspicis
1484 505 1731 600 aequis?

737 623 1106 692 Nemorum
1141 619 1425 688 Latonia
1461 630 1686 684 custos
1708 667 1727 698 ‚

740 731 984 800 Triviis
1019 728 1275 800 ululata
1307 752 1427 822 per
1462 725 1700 811 urbes,

737 843 850 911 Sic
885 865 1008 910 nos
1043 842 1114 908 in
1151 852 1407 932 sceptra
1441 835 1757 930 reponis?

727 951 926 1040 ,Quid
949 1005 969 1040 ,
1004 976 1045 1018 o
1083 948 1532 1044 pulcherrime
1570 945 1846 1037 conjux,
2334 975 2387 1012 ³⁵

740 1062 1024 1131 Potuisti
1060 1059 1358 1155 linquere
1389 1054 1643 1126 solam?

744 1175 1012 1248 Pet-,tot
1054 1167 1436 1240 discrimina
1477 1190 1701 1234 rerum

735 1280 1211 1375 Nequidquam
1253 1292 1478 1372 erepte
1520 1273 1807 1370 periclis.

739 1393 972 1461 Manet
1013 1389 1148 1459 alta
1192 1402 1416 1457 mente
1459 1402 1799 1480 repostum
1817 1440 1838 1473 ,

737 1501 966 1589 Quem
1003 1499 1156 1568 forti
1198 1513 1466 1593 pectore
1503 1509 1570 1564 et
1606 1497 1807 1564 armis
2340 1523 2389 1564 ,ιο

741 1610 1074 1698 Quaesitas
1112 1607 1437 1700 sanguine
1475 1604 1685 1673 dotes,

739 1718 954 1804 Felix,
983 1718 1119 1786 heu
1156 1718 1437 1785 nimium
1477 1711 1671 1801 felix,

699 1859 704 1864 ·
739 1829 922 1896 Dum
961 1827 1095 1896 fata
1130 1829 1454 1919 Deusque
1487 1818 1829 1892 sinebant!

739 1939 973 2006 Nescis
1011 1937 1144 2005 heu
1182 1933 1444 2029 perdita
1487 1932 1809 2020 necdum,

743 2049 912 2137 Quae
950 2063 1016 2116 te
1052 2037 1385 2115 dementia
1421 2043 1600 2138 cepit
2343 2068 2390 2111 45

739 2161 964 2253 Caput
999 2157 1330 2251 objectare
1367 2153 1649 2250 periclis.

738 2271 899 2336 Haec
937 2293 1058 2336 nos
1095 2289 1404 2361 suprema
1443 2263 1835 2347 manebant,

741 2381 888 2448 Hoc
930 2380 1118 2473 ignes
1159 2394 1418 2469 araeque
1455 2374 1803 2468 parabant.

737 2492 1056 2559 Nostram
1093 2511 1275 2556 nunc
1312 2485 1539 2578 accipe
1574 2490 1898 2565 mentem,

740 2598 1134 2692 Vaginaque
1175 2596 1360 2689 eripe
1397 2594 1649 2661 ferrum
1672 2646 1691 2677 ‚
1736 2596 1741 2601 ’
2340 2614 2389 2651 ⁵0

739 2709 1078 2802 Ferroque
1115 2720 1340 2775 averte
1377 2701 1696 2771 dolorem.
1743 2707 1750 2715 '

325 2906 412 2976 37.
439 2912 539 2958 Per
563 2919 633 2956 coe
669 2908 960 2957 discrimina
997 2924 1154 2957 rerum
1172 2924 1190 2954 .·
1217 2905 1274 2955 in

251 2986 414 3039 Salm.
436 3004 530 3054 per
553 2998 654 3037 tom
667 3024 686 3047 ‚
703 2985 760 3037 in
785 2984 1032 3039 Leidens.
1045 3004 1139 3053 per
1159 2998 1228 3034 coc
1245 3002 1276 3033 ο

253 3068 557 3117 discrimina.

325 3154 414 3209 40.
454 3150 608 3212 Quem
625 3146 760 3213 forti
779 3159 983 3213 pectore
1029 3158 1078 3195 ee
1123 3144 1274 3193 αηηὶε

259 3227 504 3291 Quaesitus
518 3227 768 3293 sanguine
778 3228 936 3277 doces.
953 3225 1036 3277 Ita
1048 3223 1106 3275 iu
1118 3222 1274 3276 Stlm.

255 3315 306 3357 et
327 3302 480 3356 Leid.
497 3294 617 3356 cod.
644 3302 750 3355 sed
767 3303 826 3355 in
841 3302 924 3357 his
946 3320 1158 3356 sensum
1182 3300 1270 3353 de-

253 3381 432 3435 sidero
443 3420 462 3447 ,
475 3400 590 3435 uno
607 3381 941 3435 hemistichio
958 3381 1273 3451 virgiliano,

251 3460 400 3533 quod
420 3461 558 3515 forte
580 3458 802 3523 excidit,
829 3460 984 3514 facile
1007 3459 1274 3514 restituen-

252 3536 382 3592 dum
399 3578 416 3603 ‚
442 3531 488 3592 si
516 3560 580 3594 ex
601 3546 722 3595 ΕΒ.
747 3541 838 3593 lib.
857 3541 958 3604 IV,
989 3559 1110 3603 111,
1134 3539 1272 3591 inse-

251 3636 466 3685 tamuz,
505 3638 568 3672 ac
597 3620 856 3692 legamus,
891 3620 1108 3685 «Quam
1145 3616 1271 3670 forti

251 3710 470 3771 pectore
485 3736 504 3763 ,
531 3711 583 3751 et
599 3701 786 3761 armis,
804 3698 1092 3770 Medioque
1104 3717 1167 3751 ex
1184 3698 1272 3749 ho-

253 3790 330 3831 ste
355 3778 556 3851 recepit
589 3780 848 3845 Quesitas
882 3778 1138 3849 sanguine
1178 3776 1276 3829 do-

249 3858 362 3912 tes!
389 3877 562 3931 »quas
579 3858 728 3912 dot-es
755 3857 1009 3930 sanguiue
1033 3858 1275 3929 quasit-as

251 3937 502 3992 Medeam
539 3939 596 3991 in
627 3939 848 4010 gratiam
869 3938 1074 3991 sunonis
1099 3936 1276 3991 medio

255 4036 320 4069 ex
359 4018 548 4084 hoste,
590 4017 648 4071 id
692 4030 801 4082 est,
843 4016 1174 4089 serpentibus
1214 4035 1275 4067 ae

456 4212 623 4277 VII.

1362 2908 1551 2985 tauris,
1562 2904 1821 2977 recepisse
1834 2903 1925 2957 hic
1940 2902 2135 2957 indicet
2150 2905 2385 2972 Chorus,

1361 2986 1611 3039 describit
1637 2985 1753 3056 ipsa
1778 2982 1921 3054 apud
1936 2982 2094 3037 Ovid.
2119 2984 2218 3056 Ep.
2236 2986 2347 3037 ΧΠ
2368 3026 2384 3051 ,

1369 3084 1466 3134 199
1496 3076 1547 3117 et
1583 3084 1691 3137 seq.
1715 3090 1741 3109 κ
1759 3062 1867 3116 Dos
1903 3061 1999 3115 ubi
2032 3063 2129 3125 sit,
2156 3064 2383 3132 quei-iu

1361 3164 1553 3217 campo
1578 3142 1976 3199 numeravimus
2004 3142 2097 3195 illo
2112 3180 2128 3205 ‚
2151 3142 2261 3207 Qui
2288 3144 2385 3197 tibi

1362 3226 1537 3277 laturo
1564 3225 1729 3279 vellus
1763 3221 1996 3277 arandus
2026 3234 2157 3275 erat.
2180 3224 2386 3277 Aureus

1359 3304 1449 3357 ille
1484 3304 1619 3357 aries
1637 3345 1653 3371 ,
1689 3303 1812 3357 villo
1848 3301 2144 3373 spectabilis
2187 3319 2349 3355 aureo
2366 3342 2381 3367 ,

1359 3386 1472 3437 Dos
1494 3402 1611 3437 mea
1632 3402 1645 3435 :
1665 3400 1829 3455 quam
1840 3422 1857 3447 ‚
1876 3380 2047 3434 dicam
2066 3380 2111 3433 si
2129 3380 2222 3432 tihi
2238 3416 2255 3440 ‚
2268 3380 2383 3434 red·

1361 3463 1454 3527 de3
1471 3482 1653 3533 neges.
1677 3465 1789 3515 Dos
1814 3480 1947 3521 men,
1974 3472 2036 3513 tu
2052 3478 2258 3531 scupea:
2284 3460 2383 3514 dos

1361 3556 1438 3597 est
1463 3562 1607 3609 mea,
1630 3542 1793 3596 Graia
1827 3544 2107 3612 juventus,
2140 3541 2169 3591 1
2202 3558 2346 3594 nunc
2363 3579 2378 3604 ,

1359 3624 1656 3695 Sisyphia,
1671 3621 1944 3692 improbe,
1973 3618 2158 3671 confer
2179 3638 2305 3691 open
2326 3641 2380 3686 »ς

1363 3700 1470 3753 vid.
1490 3711 1543 3753 et
1562 3698 1805 3770 Euripid.
1834 3698 1887 3749 in
1910 3697 2093 3751 Medea
2116 3736 2131 3761 ,
2168 3718 2245 3751 vs.
2276 3702 2379 3769 476

1363 3792 1416 3833 et
1447 3798 1557 3849 seq.

1435 3859 1520 3919 43.
1566 3863 1689 3909 Dum
1706 3857 1833 3924 foca
1869 3862 2097 3923 Deusque
2132 3858 2376 3906 sinebam.

1364 3940 1523 3991 Deest
1558 3936 1647 3989 hic
1686 3948 1865 3989 versun
1898 3934 2071 3989 codici
2098 3932 2379 3987 Leidensi:

1363 4015 1456 4069 sed
1477 4034 1539 4069 ex
1556 4016 1651 4069 illo
1672 4016 1843 4086 aptior
1867 4032 2049 4069 sensus
2072 4012 2322 4065 nascitur.

2011 4228 2101 4299 29
