2964 4690
734 388 966 457 VITA
1014 388 1137 457 ET
1189 388 1440 459 ACTA
1498 388 2096 458 MAx1M1AN1.
2180 447 2186 457 .
2359 387 2488 485 159

643 521 785 571 Dum
806 518 995 571 studeo
1014 520 1211 591 gemini
1248 538 1566 592 componere
1595 518 1785 572 foedera
1811 520 1990 591 regni,

713 609 899 661 inveni
921 608 1093 662 cordis
1114 609 1249 667 bella
1272 610 1502 663 nefanda
1526 609 1645 663 mei.

356 757 499 823 Nec
532 760 769 822 mirum
798 776 931 841 est,
978 760 1035 823 ei
1082 758 1383 849 legationi
1425 758 1792 824 adhibitum
1835 756 2336 839 Maximianum,
2377 760 2489 845 qui

356 879 427 928 et
467 863 659 954 gestis
703 881 853 928 ante
902 865 1316 946 muneribus,
1362 880 1427 927 et
1472 863 1768 929 oratoriae
1805 862 2122 927 facultatis
2168 862 2334 926 fama
2355 912 2374 943 ,
2416 880 2492 926 ut

252 1038 263 1049 ‚
355 970 499 1059 ipse
524 968 895 1059 profitetur,
934 970 1354 1036 inclaruerat:

712 1122 908 1175 Orator
935 1133 1046 1174 toto
1074 1122 1249 1175 clarus
1270 1120 1325 1173 in
1349 1121 1479 1175 orbe
1513 1120 1609 1174 fui.
1717 1119 1882 1191 (Eleg.
1909 1120 1971 1185 1,
1997 1120 2102 1187 10.)

332 1269 489 1335 'Sed
526 1271 811 1335 minores
854 1286 1069 1335 tamen
1101 1287 1314 1358 partes
1355 1270 1493 1349 ejus
1530 1270 1596 1332 in
1633 1290 1708 1331 ea
1739 1268 2060 1356 legatione
2087 1266 2317 1346 fuisse,
2355 1288 2492 1331 eas-

359 1376 649 1463 demque
694 1398 809 1463 per
852 1374 1213 1439 socordiam
1256 1390 1321 1437 et
1367 1372 1700 1437 libidinem
1733 1370 2104 1436 ‘Maximiani
2145 1373 2246 1435 vel
2288 1373 2494 1461 negli-

360 1498 589 1573 genter
620 1498 828 1565 ‘actas,
865 1482 964 1546 vel
1002 1480 1283 1546 desertas
1306 1481 1530 1569 plane,
1565 1482 1710 1569 ipso
1748 1480 1988 1545 fatente
2023 1478 2284 1544 credere
2310 1481 2456 1544 licet
2477 1530 2493 1559 ,

362 1589 465 1653 El.
497 1589 576 1670 V,
607 1587 731 1665 43:
2203 1586 2208 1592 ’

648 1734 885 1787 Muneris
916 1734 1141 1807 injuncti
1169 1751 1349 1787 curam
1378 1732 1720 1805 studiumque
1741 1732 1965 1805 reliqui,

716 1820 935 1877 Reditus
965 1820 1232 1894 imlseriis,
1264 1838 1403 1874 save
1424 1820 1636 1892 Cupido
1654 1860 1670 1885 ,
1701 1820 1822 1873 tuis.

364 1976 888 2043 Diversissimum
923 1974 1086 2039 adeo
1122 1975 1407 2039 duorum
1444 1970 1804 2063 legatorum
1830 1975 2166 2064 ingenium
2200 1977 2342 2041 fuit.
2374 1980 2494 2043 Fe-

362 2099 507 2147 stus
530 2082 701 2147 enim
730 2098 963 2170 praeter
988 2098 1205 2145 exacta
1234 2082 1327 2143 rei
1351 2080 1624 2169 publioee
1649 2081 1905 2170 negotia
1922 2127 1940 2160 ,
1965 2103 2084 2168 per
2103 2103 2172 2145 se
2197 2080 2278 2146 de
2304 2085 2497 2149 rebus

366 2187 651 2253 ecclesiae
696 2202 764 2252 et
813 2184 1189 2251 ordinandis
1242 2186 1629 2253 caerimoniis
1685 2207 1836 2249 cum
1894 2188 2290 2273 Imperatore
2335 2192 2499 2278 egit3

368 2292 800 2360 Maximianus
823 2292 1079 2358 deserto
1111 2290 1326 2356 officio
1357 2292 1621 2381 publico
1646 2291 1826 2357 domi
1851 2289 2139 2374 delituit,
2171 2296 2502 2361 amoribus

368 2399 600 2487 puellae
632 2399 938 2464 irretitus.
978 2398 1209 2486 Neque
1238 2398 1441 2486 igitur
1472 2396 1840 2462 mirandum
1875 2415 2004 2481 est,
2039 2399 2094 2463 si
2131 2401 2504 2466 Maximiani

372 2505 443 2568 in
478 2503 735 2594 pulilioe
762 2503 867 2568 illa
902 2502 1224 2592 legatione
1261 2503 1437 2567 nulla
1464 2503 1712 2567 mentio
1744 2503 1826 2567 ab
1853 2503 2172 2569 historicis
2199 2507 2362 2572 facta
2385 2523 2500 2572 est.

374 2610 699 2674 Caeterum
734 2631 811 2673 ex
837 2608 949 2672 illo
973 2629 1161 2690 casu,
1194 2629 1391 2695 quem
1428 2605 1562 2672 doli
1595 2623 1662 2672 et
1685 2607 2006 2672 lenocinia
2039 2608 2242 2674 Graias
2277 2614 2504 2700 puellae

377 2715 521 2780 seni
564 2714 955 2782 Maximiano
1004 2712 1368 2778 adtuleraut
1395 2712 1993 2800 Constantinopoli,
2039 2719 2302 2782 materia
2343 2719 2400 2781 ei
2440 2733 2505 2781 et

336 2803 353 2814 ⁶
378 2841 605 2886 mussa
652 2835 835 2884 enata
876 2817 1164 2900 videtur,
1203 2833 1281 2880 ut
1308 2817 1602 2904 querelas
1630 2815 1712 2880 de
1749 2818 2096 2881 senectutis
2127 2841 2259 2884 suae
2291 2821 2506 2909 ingra-

377 2919 784 2990 vescentibus
820 2922 1133 2988 molestiis
1166 2921 1451 3017 carmine
1478 2920 1788 3009 singulari
1818 2939 2202 3010 exponeret..
2223 2925 2388 2989 Nam
2411 2927 2504 2989 vi-

381 3049 515 3096 tam
546 3054 731 3096 suam
772 3047 921 3095 ante
966 3028 1323 3094 modestius
1358 3043 1564 3092 actam
1595 3028 1974 3116 respiciens,
2011 3046 2078 3093 et
2107 3047 2506 3097 senectutem

380 3159 563 3204 nune
598 3137 773 3228 turpi
820 3136 1173 3202 meretricis
1222 3134 1631 3222 nequissimae
1668 3156 1888 3201 amore
1925 3134 2320 3202 debilitatam
2352 3161 2504 3202 sen·

382 3243 552 3308 tiens
574 3291 597 3324 ‚
640 3241 891 3332 pudore
930 3241 1169 3330 pariter
1210 3256 1405 3328 atq-ue
1438 3237 1884 3328 indignatione
1918 3259 2400 3324 commovetur,
2435 3261 2510 3308 ut

384 3349 511 3414 hoc
540 3348 757 3413 libello
788 3347 1211 3413 calamitatem
1243 3367 1425 3422 suam
1460 3343 1786 3432 deploret,
1822 3362 1890 3410 et
1919 3345 2088 3410 vitiis
2115 3348 2248 3412 suis
2279 3351 2504 3414 convi-

382 3454 559 3518 cium
597 3454 823 3536 faciat,
855 3453 1043 3542 plane
1087 3469 1165 3517 ut
1204 3451 1501 3516 Tibullus
1523 3500 1542 3534 ,
1579 3451 1884 3516 Amorem
1931 3452 2233 3518 incusans
2253 3503 2272 3534 ,
2313 3454 2398 3520 de
2439 3479 2506 3518 se

382 3557 765 3646 profitetur,
800 3557 913 3624 lib.
946 3557 1009 3622 11
1030 3604 1049 3638 ,
1081 3558 1165 3638 6,
1209 3578 1326 3643 17:

660 3697 746 3749 Tu
770 3696 1023 3749 miserum
1050 3707 1293 3766 tol-quen
1326 3705 1381 3748 tu
1408 3711 1494 3746 me
1519 3693 1654 3746 mihi
1679 3692 1796 3746 dira
1820 3697 2022 3766 precari

740 3783 928 3856 Cogis,
969 3797 1021 3836 et
1044 3783 1223 3836 meana
1244 3793 1427 3849 ‘mente
1458 3780 1689 3834 nefanda
1716 3782 1882 3854 loqui.

662 3873 785 3926 Jam
810 3873 953 3926 mala
980 3872 1208 3926 finissem
1236 3873 1344 3925 leto
1368 3889 1384 3934 ς
1417 3869 1510 3924 sed
1537 3869 1749 3925 credula
1785 3873 1942 3926 vitam

730 3962 859 4036 Spes
886 3963 1053 4025 fovet,
1084 3974 1187 4015 etc.

382 4093 601 4156 Prima
646 4093 839 4181 igitur
886 4091 1099 4180 Elegia
1131 4140 1148 4171 ‚
1196 4113 1339 4178 quae
1390 4090 1758 4178 longissima
1797 4089 1978 4168 juxta
2028 4107 2222 4179 atque
2267 4096 2508 4180 optima
