<?xml version="1.0" encoding="UTF-8"?>
<!DOCTYPE html PUBLIC "-//W3C//DTD XHTML 1.0 Transitional//EN"
    "http://www.w3.org/TR/xhtml1/DTD/xhtml1-transitional.dtd">
<html xmlns="http://www.w3.org/1999/xhtml" xml:lang="en" lang="en">
 <head>
  <title>
</title>
<meta http-equiv="Content-Type" content="text/html;charset=utf-8" />
  <meta name='ocr-system' content='tesseract 3.04.00' />
  <meta name='ocr-capabilities' content='ocr_page ocr_carea ocr_par ocr_line ocrx_word'/>
</head>
<body>
  <div class='ocr_page' id='page_1' title='image "./poetaelatinimin02unkngoog_0211.png"; bbox 0 0 2964 4690; ppageno 0'>
   <div class='ocr_carea' id='block_1_1' title="bbox 26 3644 40 4410">
    <p class='ocr_par' dir='ltr' id='par_1_1' title="bbox 26 3644 40 4410">
     <span class='ocr_line' id='line_1_1' title="bbox 26 3644 40 4410; baseline 0 0"><span class='ocrx_word' id='word_1_1' title='bbox 26 3644 40 4410; x_wconf 95' lang='lat' dir='ltr'><strong> </strong></span> 
     </span>
    </p>
   </div>
   <div class='ocr_carea' id='block_1_2' title="bbox 529 381 663 426">
    <p class='ocr_par' dir='ltr' id='par_1_2' title="bbox 529 381 663 426">
     <span class='ocr_line' id='line_1_2' title="bbox 529 381 663 426; baseline 0 -1"><span class='ocrx_word' id='word_1_2' title='bbox 529 381 663 426; x_wconf 78' lang='lat'><strong>202</strong></span> 
     </span>
    </p>
   </div>
   <div class='ocr_carea' id='block_1_3' title="bbox 1290 363 1864 432">
    <p class='ocr_par' dir='ltr' id='par_1_3' title="bbox 1290 363 1864 432">
     <span class='ocr_line' id='line_1_3' title="bbox 1290 363 1864 432; baseline 0.007 -4"><span class='ocrx_word' id='word_1_3' title='bbox 1290 363 1864 432; x_wconf 79' lang='lat' dir='ltr'><strong>MAXIMIANI</strong></span> 
     </span>
    </p>
   </div>
   <div class='ocr_carea' id='block_1_4' title="bbox 621 463 2644 1126">
    <p class='ocr_par' dir='ltr' id='par_1_4' title="bbox 621 463 2154 688">
     <span class='ocr_line' id='line_1_4' title="bbox 717 463 2154 577; baseline 0.001 -29"><span class='ocrx_word' id='word_1_4' title='bbox 717 479 969 550; x_wconf 79' lang='lat' dir='ltr'><strong>Ultima</strong></span> <span class='ocrx_word' id='word_1_5' title='bbox 999 505 1278 575; x_wconf 68' lang='lat' dir='ltr'><strong>qumque</strong></span> <span class='ocrx_word' id='word_1_6' title='bbox 1315 496 1432 551; x_wconf 86' lang='lat' dir='ltr'><strong>tuo</strong></span> <span class='ocrx_word' id='word_1_7' title='bbox 1468 482 1741 552; x_wconf 86' lang='lat' dir='ltr'><strong>conficis</strong></span> <span class='ocrx_word' id='word_1_8' title='bbox 1776 463 1918 577; x_wconf 73' lang='lat' dir='ltr'><strong>ipsa</strong></span> <span class='ocrx_word' id='word_1_9' title='bbox 1958 481 2154 551; x_wconf 86' lang='lat' dir='ltr'><strong>malo.</strong></span> 
     </span>
     <span class='ocr_line' id='line_1_5' title="bbox 621 591 2128 688; baseline 0.003 -30"><span class='ocrx_word' id='word_1_10' title='bbox 621 591 800 685; x_wconf 82' lang='lat' dir='ltr'><strong>Ergo</strong></span> <span class='ocrx_word' id='word_1_11' title='bbox 829 591 931 660; x_wconf 86' lang='lat' dir='ltr'><strong>his</strong></span> <span class='ocrx_word' id='word_1_12' title='bbox 967 605 1278 661; x_wconf 80' lang='lat' dir='ltr'><strong>ornatum</strong></span> <span class='ocrx_word' id='word_1_13' title='bbox 1315 593 1570 662; x_wconf 83' lang='lat' dir='ltr'><strong>meritis</strong></span> <span class='ocrx_word' id='word_1_14' title='bbox 1608 593 1948 688; x_wconf 81' lang='lat' dir='ltr'><strong>provincia</strong></span> <span class='ocrx_word' id='word_1_15' title='bbox 1990 607 2128 663; x_wconf 85' lang='lat' dir='ltr'><strong>tota</strong></span> 
     </span>
    </p>

    <p class='ocr_par' dir='ltr' id='par_1_5' title="bbox 624 701 2644 905">
     <span class='ocr_line' id='line_1_6' title="bbox 712 701 2644 794; baseline 0.001 -26"><span class='ocrx_word' id='word_1_16' title='bbox 712 701 1006 794; x_wconf 82' lang='lat' dir='ltr'><strong>Optabat</strong></span> <span class='ocrx_word' id='word_1_17' title='bbox 1045 702 1214 771; x_wconf 82' lang='lat' dir='ltr'><strong>natis</strong></span> <span class='ocrx_word' id='word_1_18' title='bbox 1249 727 1358 771; x_wconf 89' lang='lat' dir='ltr'><strong>me</strong></span> <span class='ocrx_word' id='word_1_19' title='bbox 1391 705 1643 772; x_wconf 83' lang='lat' dir='ltr'><strong>sociare</strong></span> <span class='ocrx_word' id='word_1_20' title='bbox 1682 704 1853 771; x_wconf 87' lang='lat' dir='ltr'><strong>suis:</strong></span> <span class='ocrx_word' id='word_1_21' title='bbox 2590 725 2644 762; x_wconf 72' lang='grc' dir='ltr'><strong>σο</strong></span> 
     </span>
     <span class='ocr_line' id='line_1_7' title="bbox 624 808 2255 905; baseline 0.002 -28"><span class='ocrx_word' id='word_1_22' title='bbox 624 808 752 877; x_wconf 88' lang='lat' dir='ltr'><strong>Sed</strong></span> <span class='ocrx_word' id='word_1_23' title='bbox 792 809 955 878; x_wconf 89' lang='lat' dir='ltr'><strong>mihi</strong></span> <span class='ocrx_word' id='word_1_24' title='bbox 993 808 1184 880; x_wconf 81' lang='lat' dir='ltr'>dulce</span> <span class='ocrx_word' id='word_1_25' title='bbox 1215 811 1424 905; x_wconf 85' lang='lat' dir='ltr'><strong>magis</strong></span> <span class='ocrx_word' id='word_1_26' title='bbox 1460 811 1753 897; x_wconf 68' lang='lat' dir='ltr'><strong>resoluto</strong></span> <span class='ocrx_word' id='word_1_27' title='bbox 1794 812 2011 881; x_wconf 74' lang='lat' dir='ltr'><strong>vivere</strong></span> <span class='ocrx_word' id='word_1_28' title='bbox 2046 811 2255 898; x_wconf 83' lang='lat' dir='ltr'><strong>colle,</strong></span> 
     </span>
    </p>

    <p class='ocr_par' dir='ltr' id='par_1_6' title="bbox 627 917 2206 1126">
     <span class='ocr_line' id='line_1_8' title="bbox 719 917 2105 1017; baseline 0.001 -29"><span class='ocrx_word' id='word_1_29' title='bbox 719 917 1050 1013; x_wconf 85' lang='lat' dir='ltr'>Nullaque</span> <span class='ocrx_word' id='word_1_30' title='bbox 1083 921 1375 1015; x_wconf 84' lang='lat' dir='ltr'><strong>conjugii</strong></span> <span class='ocrx_word' id='word_1_31' title='bbox 1419 921 1684 991; x_wconf 83' lang='lat' dir='ltr'><strong>vincula</strong></span> <span class='ocrx_word' id='word_1_32' title='bbox 1722 935 1909 1017; x_wconf 81' lang='lat' dir='ltr'><strong>grata</strong></span> <span class='ocrx_word' id='word_1_33' title='bbox 1945 923 2105 1017; x_wconf 81' lang='lat' dir='ltr'><strong>pati.</strong></span> 
     </span>
     <span class='ocr_line' id='line_1_9' title="bbox 627 1027 2206 1126; baseline 0.001 -28"><span class='ocrx_word' id='word_1_34' title='bbox 627 1027 808 1098; x_wconf 84' lang='lat' dir='ltr'><strong>lbam</strong></span> <span class='ocrx_word' id='word_1_35' title='bbox 856 1052 976 1123; x_wconf 86' lang='lat' dir='ltr'><strong>per</strong></span> <span class='ocrx_word' id='word_1_36' title='bbox 1005 1028 1294 1100; x_wconf 84' lang='lat' dir='ltr'><strong>mediam</strong></span> <span class='ocrx_word' id='word_1_37' title='bbox 1327 1030 1542 1100; x_wconf 85' lang='lat' dir='ltr'><strong>venali</strong></span> <span class='ocrx_word' id='word_1_38' title='bbox 1578 1055 1858 1126; x_wconf 79' lang='lat' dir='ltr'><strong>corpore</strong></span> <span class='ocrx_word' id='word_1_39' title='bbox 1886 1035 2165 1101; x_wconf 83' lang='lat' dir='ltr'><strong>Romam</strong></span> <span class='ocrx_word' id='word_1_40' title='bbox 2185 1084 2206 1117; x_wconf 90' lang='lat'><strong>,</strong></span> 
     </span>
    </p>
   </div>
   <div class='ocr_carea' id='block_1_5' title="bbox 605 1268 2645 1421">
    <p class='ocr_par' dir='ltr' id='par_1_7' title="bbox 605 1268 2645 1421">
     <span class='ocr_line' id='line_1_10' title="bbox 605 1268 2645 1344; baseline 0 -22"><span class='ocrx_word' id='word_1_41' title='bbox 605 1268 692 1322; x_wconf 88' lang='grc'><strong>58.</strong></span> <span class='ocrx_word' id='word_1_42' title='bbox 723 1271 900 1322; x_wconf 66' lang='lat' dir='ltr'><strong>Ultima</strong></span> <span class='ocrx_word' id='word_1_43' title='bbox 935 1284 1078 1338; x_wconf 71' lang='lat' dir='ltr'><strong>teque</strong></span> <span class='ocrx_word' id='word_1_44' title='bbox 1117 1284 1200 1321; x_wconf 72' lang='lat' dir='ltr'><strong>tuo</strong></span> <span class='ocrx_word' id='word_1_45' title='bbox 1240 1273 1438 1342; x_wconf 74' lang='lat' dir='ltr'><strong>conficis</strong></span> <span class='ocrx_word' id='word_1_46' title='bbox 1475 1271 1538 1324; x_wconf 89' lang='lat' dir='ltr'><strong>L.</strong></span> <span class='ocrx_word' id='word_1_47' title='bbox 1628 1269 1933 1344; x_wconf 70' lang='lat' dir='ltr'><strong>principalis</strong></span> <span class='ocrx_word' id='word_1_48' title='bbox 1948 1309 1965 1337; x_wconf 88' lang='lat'><strong>,</strong></span> <span class='ocrx_word' id='word_1_49' title='bbox 1996 1287 2155 1342; x_wconf 86' lang='lat' dir='ltr'><strong>quem</strong></span> <span class='ocrx_word' id='word_1_50' title='bbox 2180 1268 2351 1322; x_wconf 80' lang='lat' dir='ltr'><strong>fllium</strong></span> <span class='ocrx_word' id='word_1_51' title='bbox 2374 1269 2645 1341; x_wconf 81' lang='lat' dir='ltr'><strong>publicum</strong></span> 
     </span>
     <span class='ocr_line' id='line_1_11' title="bbox 609 1349 2485 1421; baseline 0.001 -19"><span class='ocrx_word' id='word_1_52' title='bbox 609 1349 691 1418; x_wconf 84' lang='lat'><strong>59.</strong></span> <span class='ocrx_word' id='word_1_53' title='bbox 719 1351 903 1401; x_wconf 70' lang='lat' dir='ltr'><strong>Met-icis</strong></span> <span class='ocrx_word' id='word_1_54' title='bbox 929 1352 1126 1400; x_wconf 78' lang='lat' dir='ltr'><em>Etruria</em></span> <span class='ocrx_word' id='word_1_55' title='bbox 1148 1352 1324 1402; x_wconf 71' lang='lat' dir='ltr'><strong>nostris</strong></span> <span class='ocrx_word' id='word_1_56' title='bbox 1360 1351 1428 1402; x_wconf 75' lang='lat' dir='ltr'><strong>A.</strong></span> <span class='ocrx_word' id='word_1_57' title='bbox 1447 1350 1542 1403; x_wconf 81' lang='lat' dir='ltr'><strong>Pu.</strong></span> <span class='ocrx_word' id='word_1_58' title='bbox 1630 1349 1802 1404; x_wconf 73' lang='lat' dir='ltr'><strong>omnis</strong></span> <span class='ocrx_word' id='word_1_59' title='bbox 1824 1349 1925 1402; x_wconf 82' lang='lat' dir='ltr'><strong>sibi</strong></span> <span class='ocrx_word' id='word_1_60' title='bbox 1944 1349 2127 1402; x_wconf 80' lang='lat' dir='ltr'><strong>civitas</strong></span> <span class='ocrx_word' id='word_1_61' title='bbox 2148 1349 2419 1421; x_wconf 79' lang='lat' dir='ltr'><strong>cooptavit</strong></span> <span class='ocrx_word' id='word_1_62' title='bbox 2438 1374 2485 1404; x_wconf 69' lang='lat' dir='ltr'><strong>n.</strong></span> 
     </span>
    </p>
   </div>
   <div class='ocr_carea' id='block_1_6' title="bbox 537 1427 1553 2133">
    <p class='ocr_par' dir='ltr' id='par_1_8' title="bbox 537 1427 1553 2133">
     <span class='ocr_line' id='line_1_12' title="bbox 537 1427 1543 1500; baseline 0 -18"><span class='ocrx_word' id='word_1_63' title='bbox 537 1431 612 1482; x_wconf 83' lang='lat' dir='ltr'><strong>Pi.</strong></span> <span class='ocrx_word' id='word_1_64' title='bbox 641 1429 707 1480; x_wconf 91' lang='grc' dir='ltr'><strong>Ο.</strong></span> <span class='ocrx_word' id='word_1_65' title='bbox 728 1439 780 1481; x_wconf 91' lang='lat' dir='ltr'><strong>et</strong></span> <span class='ocrx_word' id='word_1_66' title='bbox 806 1427 874 1480; x_wconf 81' lang='lat' dir='ltr'><strong>al.</strong></span> <span class='ocrx_word' id='word_1_67' title='bbox 900 1427 1198 1482; x_wconf 79' lang='lat' dir='ltr'><strong>Withofius</strong></span> <span class='ocrx_word' id='word_1_68' title='bbox 1213 1428 1430 1500; x_wconf 79' lang='lat' dir='ltr'><strong>corrigit</strong></span> <span class='ocrx_word' id='word_1_69' title='bbox 1449 1434 1543 1482; x_wconf 78' lang='lat' dir='ltr'><strong>He·</strong></span> 
     </span>
     <span class='ocr_line' id='line_1_13' title="bbox 540 1509 1547 1578; baseline 0.001 -19"><span class='ocrx_word' id='word_1_70' title='bbox 540 1509 690 1560; x_wconf 68' lang='lat' dir='ltr'><strong>nur-ia</strong></span> <span class='ocrx_word' id='word_1_71' title='bbox 715 1521 900 1560; x_wconf 75' lang='lat' dir='ltr'><strong>nostra.</strong></span> <span class='ocrx_word' id='word_1_72' title='bbox 937 1511 1124 1560; x_wconf 70' lang='lat' dir='ltr'><strong>ueritis</strong></span> <span class='ocrx_word' id='word_1_73' title='bbox 1149 1509 1401 1578; x_wconf 66' lang='lat' dir='ltr'><strong>provincia</strong></span> <span class='ocrx_word' id='word_1_74' title='bbox 1441 1523 1547 1560; x_wconf 74' lang='lat' dir='ltr'><strong>tota</strong></span> 
     </span>
     <span class='ocr_line' id='line_1_14' title="bbox 541 1585 1544 1660; baseline 0.004 -24"><span class='ocrx_word' id='word_1_75' title='bbox 541 1587 610 1637; x_wconf 86' lang='lat' dir='ltr'><strong>V.</strong></span> <span class='ocrx_word' id='word_1_76' title='bbox 633 1587 691 1638; x_wconf 87' lang='lat' dir='ltr'><strong>R.</strong></span> <span class='ocrx_word' id='word_1_77' title='bbox 715 1586 808 1638; x_wconf 83' lang='lat' dir='ltr'><strong>Gr.</strong></span> <span class='ocrx_word' id='word_1_78' title='bbox 829 1587 889 1640; x_wconf 88' lang='lat' dir='ltr'><strong>L.</strong></span> <span class='ocrx_word' id='word_1_79' title='bbox 916 1585 980 1640; x_wconf 93' lang='lat' dir='ltr'><strong>G.</strong></span> <span class='ocrx_word' id='word_1_80' title='bbox 999 1587 1261 1642; x_wconf 77' lang='lat' dir='ltr'><strong>Posterior</strong></span> <span class='ocrx_word' id='word_1_81' title='bbox 1277 1587 1434 1642; x_wconf 90' lang='lat' dir='ltr'><strong>lectio</strong></span> <span class='ocrx_word' id='word_1_82' title='bbox 1457 1607 1544 1660; x_wconf 84' lang='lat' dir='ltr'><strong>ge-</strong></span> 
     </span>
     <span class='ocr_line' id='line_1_15' title="bbox 539 1663 1547 1740; baseline 0 -21"><span class='ocrx_word' id='word_1_83' title='bbox 539 1666 698 1719; x_wconf 85' lang='lat' dir='ltr'><strong>nuina</strong></span> <span class='ocrx_word' id='word_1_84' title='bbox 741 1663 962 1719; x_wconf 80' lang='lat' dir='ltr'><strong>videtur.</strong></span> <span class='ocrx_word' id='word_1_85' title='bbox 1003 1667 1264 1722; x_wconf 83' lang='lat' dir='ltr'><strong>Gauricus</strong></span> <span class='ocrx_word' id='word_1_86' title='bbox 1315 1665 1547 1740; x_wconf 87' lang='lat' dir='ltr'><strong>primum</strong></span> 
     </span>
     <span class='ocr_line' id='line_1_16' title="bbox 546 1742 1547 1817; baseline 0.004 -23"><span class='ocrx_word' id='word_1_87' title='bbox 546 1742 802 1796; x_wconf 76' lang='lat' dir='ltr'><strong>invexisse</strong></span> <span class='ocrx_word' id='word_1_88' title='bbox 820 1743 1027 1798; x_wconf 78' lang='lat' dir='ltr'><strong>videtur</strong></span> <span class='ocrx_word' id='word_1_89' title='bbox 1052 1751 1302 1813; x_wconf 74' lang='lat' dir='ltr'><strong>Beer-uria,</strong></span> <span class='ocrx_word' id='word_1_90' title='bbox 1329 1765 1445 1817; x_wconf 78' lang='lat' dir='ltr'><strong>quae</strong></span> <span class='ocrx_word' id='word_1_91' title='bbox 1466 1758 1547 1798; x_wconf 84' lang='lat' dir='ltr'><strong>ta-</strong></span> 
     </span>
     <span class='ocr_line' id='line_1_17' title="bbox 543 1821 1552 1898; baseline 0.003 -24"><span class='ocrx_word' id='word_1_92' title='bbox 543 1841 666 1875; x_wconf 87' lang='lat' dir='ltr'><strong>men</strong></span> <span class='ocrx_word' id='word_1_93' title='bbox 700 1821 865 1894; x_wconf 81' lang='lat' dir='ltr'><strong>patria</strong></span> <span class='ocrx_word' id='word_1_94' title='bbox 892 1824 1196 1878; x_wconf 83' lang='lat' dir='ltr'>Maximiani</span> <span class='ocrx_word' id='word_1_95' title='bbox 1227 1845 1292 1878; x_wconf 86' lang='lat' dir='ltr'><strong>ex</strong></span> <span class='ocrx_word' id='word_1_96' title='bbox 1313 1824 1462 1898; x_wconf 79' lang='lat' dir='ltr'><strong>Eleg.</strong></span> <span class='ocrx_word' id='word_1_97' title='bbox 1484 1825 1552 1891; x_wconf 88' lang='lat' dir='ltr'><strong>V,</strong></span> 
     </span>
     <span class='ocr_line' id='line_1_18' title="bbox 546 1899 1551 1974; baseline -0.001 -18"><span class='ocrx_word' id='word_1_98' title='bbox 546 1902 577 1956; x_wconf 82' lang='grc'>5</span> <span class='ocrx_word' id='word_1_99' title='bbox 599 1916 653 1954; x_wconf 84' lang='lat' dir='ltr'><strong>et</strong></span> <span class='ocrx_word' id='word_1_100' title='bbox 679 1906 768 1965; x_wconf 71' lang='lat'><strong>40,</strong></span> <span class='ocrx_word' id='word_1_101' title='bbox 796 1899 921 1955; x_wconf 75' lang='lat' dir='ltr'><strong>satis</strong></span> <span class='ocrx_word' id='word_1_102' title='bbox 959 1902 1282 1974; x_wconf 79' lang='lat' dir='ltr'><strong>intelligitur.</strong></span> <span class='ocrx_word' id='word_1_103' title='bbox 1317 1935 1388 1944; x_wconf 93' lang='lat'>—</span> <span class='ocrx_word' id='word_1_104' title='bbox 1429 1911 1551 1955; x_wconf 83' lang='lat' dir='ltr'><strong>Pm-</strong></span> 
     </span>
     <span class='ocr_line' id='line_1_19' title="bbox 546 1982 1553 2049; baseline 0.002 -15"><span class='ocrx_word' id='word_1_105' title='bbox 546 1984 704 2034; x_wconf 78' lang='lat' dir='ltr'><strong>vincia</strong></span> <span class='ocrx_word' id='word_1_106' title='bbox 727 1996 854 2049; x_wconf 80' lang='lat' dir='ltr'><strong>toea,</strong></span> <span class='ocrx_word' id='word_1_107' title='bbox 875 1982 933 2035; x_wconf 82' lang='lat' dir='ltr'><strong>h.</strong></span> <span class='ocrx_word' id='word_1_108' title='bbox 961 2001 1007 2036; x_wconf 92' lang='lat' dir='ltr'><strong>e.</strong></span> <span class='ocrx_word' id='word_1_109' title='bbox 1043 1995 1153 2037; x_wconf 83' lang='lat' dir='ltr'><strong>tota</strong></span> <span class='ocrx_word' id='word_1_110' title='bbox 1179 1995 1316 2036; x_wconf 87' lang='lat' dir='ltr'><strong>terra</strong></span> <span class='ocrx_word' id='word_1_111' title='bbox 1335 2019 1354 2046; x_wconf 88' lang='lat'>‚</span> <span class='ocrx_word' id='word_1_112' title='bbox 1381 1983 1466 2038; x_wconf 80' lang='lat' dir='ltr'><strong>vel</strong></span> <span class='ocrx_word' id='word_1_113' title='bbox 1488 1983 1553 2037; x_wconf 91' lang='lat' dir='ltr'><strong>ci-</strong></span> 
     </span>
     <span class='ocr_line' id='line_1_20' title="bbox 544 2059 1547 2133; baseline 0.005 -21"><span class='ocrx_word' id='word_1_114' title='bbox 544 2059 674 2114; x_wconf 76' lang='lat' dir='ltr'><strong>vitas</strong></span> <span class='ocrx_word' id='word_1_115' title='bbox 711 2059 768 2112; x_wconf 88' lang='lat' dir='ltr'><strong>in</strong></span> <span class='ocrx_word' id='word_1_116' title='bbox 802 2079 908 2133; x_wconf 82' lang='lat' dir='ltr'><strong>qua</strong></span> <span class='ocrx_word' id='word_1_117' title='bbox 944 2062 1183 2116; x_wconf 79' lang='lat' dir='ltr'><strong>vivebam</strong></span> <span class='ocrx_word' id='word_1_118' title='bbox 1218 2061 1547 2117; x_wconf 77' lang='lat' dir='ltr'>adolescens:</span> 
     </span>
    </p>
   </div>
   <div class='ocr_carea' id='block_1_7' title="bbox 1634 1429 2654 2050">
    <p class='ocr_par' dir='ltr' id='par_1_9' title="bbox 1634 1429 2654 2050">
     <span class='ocr_line' id='line_1_21' title="bbox 1700 1429 2647 1498; baseline -0.003 -17"><span class='ocrx_word' id='word_1_119' title='bbox 1700 1431 1787 1481; x_wconf 77' lang='lat'><strong>62.</strong></span> <span class='ocrx_word' id='word_1_120' title='bbox 1810 1433 2061 1496; x_wconf 77' lang='lat' dir='ltr'><em>Nullaque</em></span> <span class='ocrx_word' id='word_1_121' title='bbox 2071 1429 2291 1498; x_wconf 71' lang='lat' dir='ltr'><strong>conjugii</strong></span> <span class='ocrx_word' id='word_1_122' title='bbox 2308 1431 2514 1480; x_wconf 75' lang='grc' dir='ltr'><strong>νίιιοειὶα</strong></span> <span class='ocrx_word' id='word_1_123' title='bbox 2522 1445 2647 1498; x_wconf 73' lang='lat' dir='ltr'><strong>gra·</strong></span> 
     </span>
     <span class='ocr_line' id='line_1_22' title="bbox 1634 1505 2645 1578; baseline -0.001 -20"><span class='ocrx_word' id='word_1_124' title='bbox 1634 1521 1689 1559; x_wconf 79' lang='lat' dir='ltr'><strong>ta</strong></span> <span class='ocrx_word' id='word_1_125' title='bbox 1714 1509 1845 1576; x_wconf 76' lang='lat' dir='ltr'><strong>pati.</strong></span> <span class='ocrx_word' id='word_1_126' title='bbox 1873 1506 1956 1561; x_wconf 88' lang='lat' dir='ltr'><strong>Sic</strong></span> <span class='ocrx_word' id='word_1_127' title='bbox 1994 1507 2231 1578; x_wconf 83' lang='lat' dir='ltr'><strong>Propert.</strong></span> <span class='ocrx_word' id='word_1_128' title='bbox 2262 1505 2377 1570; x_wconf 87' lang='lat'><strong>111,</strong></span> <span class='ocrx_word' id='word_1_129' title='bbox 2410 1507 2510 1568; x_wconf 82' lang='lat'><strong>13,</strong></span> <span class='ocrx_word' id='word_1_130' title='bbox 2541 1523 2604 1558; x_wconf 83' lang='grc' dir='ltr'><strong>ιο</strong></span> <span class='ocrx_word' id='word_1_131' title='bbox 2628 1523 2645 1558; x_wconf 86' lang='grc'>;</span> 
     </span>
     <span class='ocr_line' id='line_1_23' title="bbox 1640 1582 2653 1658; baseline -0.004 -18"><span class='ocrx_word' id='word_1_132' title='bbox 1640 1613 1665 1633; x_wconf 72' lang='grc' dir='ltr'><strong>α</strong></span> <span class='ocrx_word' id='word_1_133' title='bbox 1684 1605 1783 1642; x_wconf 85' lang='lat' dir='ltr'><strong>nec</strong></span> <span class='ocrx_word' id='word_1_134' title='bbox 1806 1586 1997 1640; x_wconf 82' lang='lat' dir='ltr'><strong>semina</strong></span> <span class='ocrx_word' id='word_1_135' title='bbox 2020 1595 2141 1658; x_wconf 83' lang='lat' dir='ltr'><strong>post</strong></span> <span class='ocrx_word' id='word_1_136' title='bbox 2160 1596 2212 1637; x_wconf 84' lang='lat' dir='ltr'><strong>te</strong></span> <span class='ocrx_word' id='word_1_137' title='bbox 2236 1583 2355 1636; x_wconf 78' lang='lat' dir='ltr'><strong>Ulla</strong></span> <span class='ocrx_word' id='word_1_138' title='bbox 2384 1582 2529 1636; x_wconf 87' lang='lat' dir='ltr'><strong>dedit</strong></span> <span class='ocrx_word' id='word_1_139' title='bbox 2546 1583 2653 1636; x_wconf 91' lang='lat' dir='ltr'><strong>col-</strong></span> 
     </span>
     <span class='ocr_line' id='line_1_24' title="bbox 1634 1661 2651 1735; baseline -0.004 -17"><span class='ocrx_word' id='word_1_140' title='bbox 1634 1665 1690 1720; x_wconf 90' lang='lat' dir='ltr'><strong>lo</strong></span> <span class='ocrx_word' id='word_1_141' title='bbox 1717 1663 1894 1718; x_wconf 84' lang='lat' dir='ltr'><strong>dulcia</strong></span> <span class='ocrx_word' id='word_1_142' title='bbox 1932 1665 2103 1719; x_wconf 81' lang='lat' dir='ltr'><strong>vincla</strong></span> <span class='ocrx_word' id='word_1_143' title='bbox 2134 1681 2252 1716; x_wconf 89' lang='lat' dir='ltr'><strong>meo</strong></span> <span class='ocrx_word' id='word_1_144' title='bbox 2269 1689 2315 1715; x_wconf 76' lang='grc' dir='ltr'><strong>ιο.</strong></span> <span class='ocrx_word' id='word_1_145' title='bbox 2337 1661 2509 1715; x_wconf 83' lang='lat' dir='ltr'><strong>Multa</strong></span> <span class='ocrx_word' id='word_1_146' title='bbox 2536 1663 2651 1735; x_wconf 85' lang='lat' dir='ltr'><strong>ejus</strong></span> 
     </span>
     <span class='ocr_line' id='line_1_25' title="bbox 1636 1739 2652 1818; baseline -0.008 -20"><span class='ocrx_word' id='word_1_147' title='bbox 1636 1745 1841 1818; x_wconf 80' lang='lat' dir='ltr'><strong>generis</strong></span> <span class='ocrx_word' id='word_1_148' title='bbox 1865 1744 2069 1797; x_wconf 82' lang='lat' dir='ltr'><strong>notavit</strong></span> <span class='ocrx_word' id='word_1_149' title='bbox 2100 1741 2466 1796; x_wconf 73' lang='lat' dir='ltr'><strong>Broukhusius</strong></span> <span class='ocrx_word' id='word_1_150' title='bbox 2496 1739 2565 1792; x_wconf 79' lang='lat' dir='ltr'><strong>ad</strong></span> <span class='ocrx_word' id='word_1_151' title='bbox 2594 1739 2652 1790; x_wconf 89' lang='lat' dir='ltr'><strong>il·</strong></span> 
     </span>
     <span class='ocr_line' id='line_1_26' title="bbox 1636 1817 2654 1890; baseline -0.009 -12"><span class='ocrx_word' id='word_1_152' title='bbox 1636 1824 1729 1878; x_wconf 84' lang='lat' dir='ltr'><strong>lud</strong></span> <span class='ocrx_word' id='word_1_153' title='bbox 1761 1823 1957 1877; x_wconf 85' lang='lat' dir='ltr'><strong>Tibulli</strong></span> <span class='ocrx_word' id='word_1_154' title='bbox 1974 1862 1991 1890; x_wconf 92' lang='lat'><strong>,</strong></span> <span class='ocrx_word' id='word_1_155' title='bbox 2027 1823 2085 1885; x_wconf 90' lang='lat'><strong>1,</strong></span> <span class='ocrx_word' id='word_1_156' title='bbox 2118 1842 2140 1876; x_wconf 85' lang='lat'>1</span> <span class='ocrx_word' id='word_1_157' title='bbox 2160 1862 2176 1888; x_wconf 92' lang='lat'><strong>,</strong></span> <span class='ocrx_word' id='word_1_158' title='bbox 2216 1821 2281 1876; x_wconf 84' lang='lat'><strong>55</strong></span> <span class='ocrx_word' id='word_1_159' title='bbox 2306 1819 2434 1889; x_wconf 83' lang='lat' dir='ltr'><strong>(vid.</strong></span> <span class='ocrx_word' id='word_1_160' title='bbox 2453 1817 2654 1872; x_wconf 87' lang='lat' dir='ltr'><strong>Tibull.</strong></span> 
     </span>
     <span class='ocr_line' id='line_1_27' title="bbox 1638 1897 2653 1973; baseline -0.009 -15"><span class='ocrx_word' id='word_1_161' title='bbox 1638 1903 1767 1958; x_wconf 86' lang='lat' dir='ltr'><strong>edit.</strong></span> <span class='ocrx_word' id='word_1_162' title='bbox 1787 1919 1922 1956; x_wconf 86' lang='lat' dir='ltr'><strong>nost.</strong></span> <span class='ocrx_word' id='word_1_163' title='bbox 1940 1922 1994 1973; x_wconf 86' lang='lat' dir='ltr'><strong>p.</strong></span> <span class='ocrx_word' id='word_1_164' title='bbox 2015 1901 2096 1955; x_wconf 82' lang='lat'><strong>13.</strong></span> <span class='ocrx_word' id='word_1_165' title='bbox 2114 1901 2237 1968; x_wconf 85' lang='lat' dir='ltr'><strong>En.)</strong></span> <span class='ocrx_word' id='word_1_166' title='bbox 2256 1919 2270 1952; x_wconf 72' lang='grc' dir='ltr'><strong><em>ε</em></strong></span> <span class='ocrx_word' id='word_1_167' title='bbox 2287 1899 2409 1952; x_wconf 73' lang='lat' dir='ltr'><strong>«Me</strong></span> <span class='ocrx_word' id='word_1_168' title='bbox 2426 1897 2653 1952; x_wconf 82' lang='lat' dir='ltr'><strong>retinent</strong></span> 
     </span>
     <span class='ocr_line' id='line_1_28' title="bbox 1638 1977 2653 2050; baseline -0.007 -15"><span class='ocrx_word' id='word_1_169' title='bbox 1638 1983 1871 2036; x_wconf 78' lang='lat' dir='ltr'><strong>vinctum</strong></span> <span class='ocrx_word' id='word_1_170' title='bbox 1911 1981 2153 2034; x_wconf 58' lang='grc' dir='ltr'><strong>ἴοι-πισοῦ</strong></span> <span class='ocrx_word' id='word_1_171' title='bbox 2195 1979 2365 2033; x_wconf 81' lang='lat' dir='ltr'><strong>vincla</strong></span> <span class='ocrx_word' id='word_1_172' title='bbox 2397 1977 2587 2050; x_wconf 63' lang='lat' dir='ltr'><strong>puella</strong></span> <span class='ocrx_word' id='word_1_173' title='bbox 2606 2001 2653 2028; x_wconf 70' lang='grc' dir='ltr'><strong>ιι.</strong></span> 
     </span>
    </p>
   </div>
   <div class='ocr_carea' id='block_1_8' title="bbox 1640 2054 2655 2125">
    <p class='ocr_par' dir='ltr' id='par_1_10' title="bbox 1640 2054 2655 2125">
     <span class='ocr_line' id='line_1_29' title="bbox 1640 2054 2655 2125; baseline -0.006 -9"><span class='ocrx_word' id='word_1_174' title='bbox 1640 2061 1793 2116; x_wconf 82' lang='lat' dir='ltr'><strong>Adde</strong></span> <span class='ocrx_word' id='word_1_175' title='bbox 1816 2061 1944 2115; x_wconf 78' lang='lat' dir='ltr'><strong>Stat.</strong></span> <span class='ocrx_word' id='word_1_176' title='bbox 1968 2060 2094 2114; x_wconf 85' lang='lat' dir='ltr'><strong>Silv.</strong></span> <span class='ocrx_word' id='word_1_177' title='bbox 2116 2059 2225 2118; x_wconf 86' lang='lat'><strong>111,</strong></span> <span class='ocrx_word' id='word_1_178' title='bbox 2260 2058 2310 2124; x_wconf 86' lang='lat'><strong>3,</strong></span> <span class='ocrx_word' id='word_1_179' title='bbox 2354 2074 2481 2125; x_wconf 85' lang='lat'>109:</span> <span class='ocrx_word' id='word_1_180' title='bbox 2520 2083 2545 2102; x_wconf 76' lang='grc' dir='ltr'><strong>ιι</strong></span> <span class='ocrx_word' id='word_1_181' title='bbox 2562 2054 2655 2110; x_wconf 74' lang='lat' dir='ltr'><strong>sed</strong></span> 
     </span>
    </p>
   </div>
   <div class='ocr_carea' id='block_1_9' title="bbox 543 2135 2657 2294">
    <p class='ocr_par' dir='ltr' id='par_1_11' title="bbox 543 2135 2657 2294">
     <span class='ocr_line' id='line_1_30' title="bbox 545 2135 2657 2214; baseline -0.003 -22"><span class='ocrx_word' id='word_1_182' title='bbox 545 2158 714 2212; x_wconf 86' lang='lat' dir='ltr'><strong>neque</strong></span> <span class='ocrx_word' id='word_1_183' title='bbox 727 2139 866 2193; x_wconf 87' lang='lat' dir='ltr'><strong>enim</strong></span> <span class='ocrx_word' id='word_1_184' title='bbox 879 2140 1155 2213; x_wconf 80' lang='lat' dir='ltr'><strong>provincia</strong></span> <span class='ocrx_word' id='word_1_185' title='bbox 1173 2141 1415 2196; x_wconf 85' lang='lat' dir='ltr'><strong>hocloco</strong></span> <span class='ocrx_word' id='word_1_186' title='bbox 1432 2161 1555 2214; x_wconf 88' lang='lat' dir='ltr'><strong>pro·</strong></span> <span class='ocrx_word' id='word_1_187' title='bbox 1635 2144 1753 2214; x_wconf 81' lang='lat' dir='ltr'><strong>jura</strong></span> <span class='ocrx_word' id='word_1_188' title='bbox 1780 2155 1961 2195; x_wconf 81' lang='lat' dir='ltr'><strong>tamen</strong></span> <span class='ocrx_word' id='word_1_189' title='bbox 1980 2137 2203 2211; x_wconf 75' lang='lat' dir='ltr'><strong>genialia</strong></span> <span class='ocrx_word' id='word_1_190' title='bbox 2224 2135 2404 2203; x_wconf 85' lang='lat' dir='ltr'><strong>cordi,</strong></span> <span class='ocrx_word' id='word_1_191' title='bbox 2430 2138 2496 2189; x_wconf 83' lang='lat' dir='ltr'><strong>Et</strong></span> <span class='ocrx_word' id='word_1_192' title='bbox 2516 2153 2657 2188; x_wconf 87' lang='lat' dir='ltr'><strong>men·</strong></span> 
     </span>
     <span class='ocr_line' id='line_1_31' title="bbox 543 2215 2657 2294; baseline -0.003 -23"><span class='ocrx_word' id='word_1_193' title='bbox 543 2219 661 2290; x_wconf 80' lang='lat' dir='ltr'><strong>prio</strong></span> <span class='ocrx_word' id='word_1_194' title='bbox 693 2231 744 2272; x_wconf 90' lang='lat' dir='ltr'><strong>et</strong></span> <span class='ocrx_word' id='word_1_195' title='bbox 769 2219 984 2292; x_wconf 76' lang='lat' dir='ltr'><strong>antiquo</strong></span> <span class='ocrx_word' id='word_1_196' title='bbox 1003 2238 1160 2274; x_wconf 80' lang='lat' dir='ltr'><strong>sensu</strong></span> <span class='ocrx_word' id='word_1_197' title='bbox 1183 2219 1346 2292; x_wconf 78' lang='lat' dir='ltr'><strong>accipi</strong></span> <span class='ocrx_word' id='word_1_198' title='bbox 1363 2234 1557 2294; x_wconf 84' lang='lat' dir='ltr'><strong>potest,</strong></span> <span class='ocrx_word' id='word_1_199' title='bbox 1644 2233 1751 2274; x_wconf 84' lang='lat' dir='ltr'><strong>tem</strong></span> <span class='ocrx_word' id='word_1_200' title='bbox 1774 2219 1971 2272; x_wconf 76' lang='lat' dir='ltr'><strong>vincire</strong></span> <span class='ocrx_word' id='word_1_201' title='bbox 2002 2218 2129 2272; x_wconf 79' lang='lat' dir='ltr'><strong>toris</strong></span> <span class='ocrx_word' id='word_1_202' title='bbox 2148 2255 2165 2282; x_wconf 93' lang='lat'><strong>,</strong></span> <span class='ocrx_word' id='word_1_203' title='bbox 2204 2229 2255 2270; x_wconf 85' lang='lat' dir='ltr'><strong>et</strong></span> <span class='ocrx_word' id='word_1_204' title='bbox 2272 2220 2494 2292; x_wconf 80' lang='lat' dir='ltr'><strong>jungere</strong></span> <span class='ocrx_word' id='word_1_205' title='bbox 2528 2215 2657 2268; x_wconf 81' lang='lat' dir='ltr'><strong>festa</strong></span> 
     </span>
    </p>
   </div>
   <div class='ocr_carea' id='block_1_10' title="bbox 507 2297 1575 4107">
    <p class='ocr_par' dir='ltr' id='par_1_12' title="bbox 547 2297 1554 2449">
     <span class='ocr_line' id='line_1_32' title="bbox 547 2297 1554 2373; baseline 0.005 -23"><span class='ocrx_word' id='word_1_206' title='bbox 547 2316 659 2370; x_wconf 87' lang='lat' dir='ltr'><strong>quo</strong></span> <span class='ocrx_word' id='word_1_207' title='bbox 709 2317 882 2370; x_wconf 87' lang='lat' dir='ltr'><strong>neque</strong></span> <span class='ocrx_word' id='word_1_208' title='bbox 925 2297 1200 2363; x_wconf 68' lang='lat' dir='ltr'><strong>Heu-uria,</strong></span> <span class='ocrx_word' id='word_1_209' title='bbox 1241 2319 1412 2373; x_wconf 86' lang='lat' dir='ltr'><strong>neque</strong></span> <span class='ocrx_word' id='word_1_210' title='bbox 1455 2301 1554 2355; x_wconf 76' lang='lat' dir='ltr'><strong>alia</strong></span> 
     </span>
     <span class='ocr_line' id='line_1_33' title="bbox 549 2377 1304 2449; baseline 0.005 -20"><span class='ocrx_word' id='word_1_211' title='bbox 549 2396 670 2448; x_wconf 85' lang='lat' dir='ltr'><strong>pars</strong></span> <span class='ocrx_word' id='word_1_212' title='bbox 700 2377 862 2431; x_wconf 66' lang='lat' dir='ltr'><strong>Italia·</strong></span> <span class='ocrx_word' id='word_1_213' title='bbox 887 2378 1158 2449; x_wconf 77' lang='lat' dir='ltr'><strong>provincia</strong></span> <span class='ocrx_word' id='word_1_214' title='bbox 1187 2380 1304 2433; x_wconf 84' lang='lat' dir='ltr'><strong>fuit.</strong></span> 
     </span>
    </p>

    <p class='ocr_par' dir='ltr' id='par_1_13' title="bbox 507 2460 1575 4107">
     <span class='ocr_line' id='line_1_34' title="bbox 507 2460 1557 2533; baseline 0.005 -25"><span class='ocrx_word' id='word_1_215' title='bbox 507 2506 518 2526; x_wconf 66' lang='grc'><strong>,</strong></span> <span class='ocrx_word' id='word_1_216' title='bbox 619 2460 702 2509; x_wconf 84' lang='grc'><strong>60.</strong></span> <span class='ocrx_word' id='word_1_217' title='bbox 747 2464 958 2527; x_wconf 75' lang='lat' dir='ltr'><strong>optabat</strong></span> <span class='ocrx_word' id='word_1_218' title='bbox 991 2463 1149 2527; x_wconf 78' lang='lat' dir='ltr'><strong>natis,</strong></span> <span class='ocrx_word' id='word_1_219' title='bbox 1171 2460 1224 2513; x_wconf 91' lang='lat' dir='ltr'><strong>h.</strong></span> <span class='ocrx_word' id='word_1_220' title='bbox 1263 2480 1308 2513; x_wconf 89' lang='lat' dir='ltr'><strong>e.</strong></span> <span class='ocrx_word' id='word_1_221' title='bbox 1334 2460 1557 2533; x_wconf 81' lang='lat' dir='ltr'><strong>puellis,</strong></span> 
     </span>
     <span class='ocr_line' id='line_1_35' title="bbox 549 2536 1558 2615; baseline 0.005 -27"><span class='ocrx_word' id='word_1_222' title='bbox 549 2536 756 2591; x_wconf 79' lang='lat' dir='ltr'><strong>filiabus</strong></span> <span class='ocrx_word' id='word_1_223' title='bbox 801 2538 908 2591; x_wconf 81' lang='lat' dir='ltr'><strong>suis</strong></span> <span class='ocrx_word' id='word_1_224' title='bbox 949 2538 1282 2593; x_wconf 82' lang='lat' dir='ltr'><strong>matrimonio</strong></span> <span class='ocrx_word' id='word_1_225' title='bbox 1319 2542 1558 2615; x_wconf 84' lang='lat' dir='ltr'><strong>jungere.</strong></span> 
     </span>
     <span class='ocr_line' id='line_1_36' title="bbox 553 2614 1561 2691; baseline 0.004 -24"><span class='ocrx_word' id='word_1_226' title='bbox 553 2614 775 2671; x_wconf 76' lang='lat' dir='ltr'><strong>Ovidius</strong></span> <span class='ocrx_word' id='word_1_227' title='bbox 796 2636 1039 2690; x_wconf 87' lang='lat' dir='ltr'><strong>quoque,</strong></span> <span class='ocrx_word' id='word_1_228' title='bbox 1068 2618 1363 2673; x_wconf 75' lang='lat' dir='ltr'><strong>Withoiius</strong></span> <span class='ocrx_word' id='word_1_229' title='bbox 1388 2620 1561 2691; x_wconf 86' lang='lat' dir='ltr'><strong>inquit</strong></span> 
     </span>
     <span class='ocr_line' id='line_1_37' title="bbox 553 2694 1558 2769; baseline 0.006 -23"><span class='ocrx_word' id='word_1_230' title='bbox 553 2712 609 2765; x_wconf 84' lang='lat' dir='ltr'><strong>p.</strong></span> <span class='ocrx_word' id='word_1_231' title='bbox 643 2694 706 2747; x_wconf 81' lang='lat'><strong>31</strong></span> <span class='ocrx_word' id='word_1_232' title='bbox 719 2713 764 2762; x_wconf 85' lang='lat'><strong>1,</strong></span> <span class='ocrx_word' id='word_1_233' title='bbox 784 2698 913 2748; x_wconf 75' lang='lat' dir='ltr'><strong>natis</strong></span> <span class='ocrx_word' id='word_1_234' title='bbox 940 2714 1038 2769; x_wconf 84' lang='lat' dir='ltr'><strong>pro</strong></span> <span class='ocrx_word' id='word_1_235' title='bbox 1058 2703 1267 2750; x_wconf 78' lang='lat' dir='ltr'><strong>natabus</strong></span> <span class='ocrx_word' id='word_1_236' title='bbox 1286 2697 1419 2753; x_wconf 83' lang='lat' dir='ltr'><strong>dixit</strong></span> <span class='ocrx_word' id='word_1_237' title='bbox 1432 2700 1558 2752; x_wconf 85' lang='lat' dir='ltr'><strong>Met.</strong></span> 
     </span>
     <span class='ocr_line' id='line_1_38' title="bbox 554 2772 1562 2852; baseline 0.01 -29"><span class='ocrx_word' id='word_1_238' title='bbox 554 2772 710 2837; x_wconf 84' lang='lat' dir='ltr'><strong>XIII,</strong></span> <span class='ocrx_word' id='word_1_239' title='bbox 729 2776 855 2840; x_wconf 84' lang='lat'><strong>660,</strong></span> <span class='ocrx_word' id='word_1_240' title='bbox 877 2775 918 2827; x_wconf 86' lang='lat' dir='ltr'><strong>si</strong></span> <span class='ocrx_word' id='word_1_241' title='bbox 935 2778 1159 2849; x_wconf 76' lang='lat' dir='ltr'><strong>vulgatis</strong></span> <span class='ocrx_word' id='word_1_242' title='bbox 1180 2778 1330 2831; x_wconf 84' lang='lat' dir='ltr'><strong>libris</strong></span> <span class='ocrx_word' id='word_1_243' title='bbox 1357 2779 1562 2852; x_wconf 82' lang='lat' dir='ltr'><strong>scriptis</strong></span> 
     </span>
     <span class='ocr_line' id='line_1_39' title="bbox 553 2851 1561 2923; baseline 0.005 -19"><span class='ocrx_word' id='word_1_244' title='bbox 553 2862 604 2904; x_wconf 85' lang='lat' dir='ltr'><strong>et</strong></span> <span class='ocrx_word' id='word_1_245' title='bbox 646 2851 903 2923; x_wconf 71' lang='lat' dir='ltr'><strong>impressis</strong></span> <span class='ocrx_word' id='word_1_246' title='bbox 945 2854 1074 2911; x_wconf 75' lang='lat' dir='ltr'><strong>fides</strong></span> <span class='ocrx_word' id='word_1_247' title='bbox 1121 2854 1187 2909; x_wconf 85' lang='lat' dir='ltr'><strong>sit</strong></span> <span class='ocrx_word' id='word_1_248' title='bbox 1225 2856 1521 2911; x_wconf 81' lang='lat' dir='ltr'><strong>adhibenda</strong></span> <span class='ocrx_word' id='word_1_249' title='bbox 1544 2874 1561 2909; x_wconf 74' lang='grc' dir='ltr'><strong><em>ε</em></strong></span> 
     </span>
     <span class='ocr_line' id='line_1_40' title="bbox 559 2930 1564 2997; baseline 0.008 -16"><span class='ocrx_word' id='word_1_250' title='bbox 559 2955 581 2975; x_wconf 79' lang='grc' dir='ltr'><strong>ι</strong></span> <span class='ocrx_word' id='word_1_251' title='bbox 607 2930 801 2983; x_wconf 83' lang='lat' dir='ltr'><strong>Euboea</strong></span> <span class='ocrx_word' id='word_1_252' title='bbox 829 2930 1060 2997; x_wconf 87' lang='lat' dir='ltr'><strong>duabus,</strong></span> <span class='ocrx_word' id='word_1_253' title='bbox 1087 2934 1154 2986; x_wconf 90' lang='lat' dir='ltr'><strong>Et</strong></span> <span class='ocrx_word' id='word_1_254' title='bbox 1184 2934 1402 2989; x_wconf 88' lang='lat' dir='ltr'><strong>totidem</strong></span> <span class='ocrx_word' id='word_1_255' title='bbox 1429 2937 1564 2989; x_wconf 84' lang='lat' dir='ltr'><strong>natis</strong></span> 
     </span>
     <span class='ocr_line' id='line_1_41' title="bbox 556 3008 1567 3083; baseline 0.008 -24"><span class='ocrx_word' id='word_1_256' title='bbox 556 3008 765 3062; x_wconf 78' lang='lat' dir='ltr'><strong>Andros</strong></span> <span class='ocrx_word' id='word_1_257' title='bbox 784 3009 1007 3063; x_wconf 81' lang='lat' dir='ltr'><strong>fraterna</strong></span> <span class='ocrx_word' id='word_1_258' title='bbox 1025 3012 1188 3083; x_wconf 80' lang='lat' dir='ltr'><strong>petita</strong></span> <span class='ocrx_word' id='word_1_259' title='bbox 1208 3026 1325 3066; x_wconf 78' lang='lat' dir='ltr'><strong>est».</strong></span> <span class='ocrx_word' id='word_1_260' title='bbox 1349 3013 1454 3067; x_wconf 87' lang='lat' dir='ltr'><strong>Sed</strong></span> <span class='ocrx_word' id='word_1_261' title='bbox 1473 3014 1567 3081; x_wconf 84' lang='lat' dir='ltr'><strong>ihi,</strong></span> 
     </span>
     <span class='ocr_line' id='line_1_42' title="bbox 556 3086 1567 3159; baseline 0.007 -22"><span class='ocrx_word' id='word_1_262' title='bbox 556 3086 816 3159; x_wconf 83' lang='lat' dir='ltr'><strong>quidquid</strong></span> <span class='ocrx_word' id='word_1_263' title='bbox 836 3088 1085 3141; x_wconf 80' lang='lat' dir='ltr'><strong>Ovidiani</strong></span> <span class='ocrx_word' id='word_1_264' title='bbox 1105 3090 1310 3144; x_wconf 86' lang='lat' dir='ltr'><strong>codices</strong></span> <span class='ocrx_word' id='word_1_265' title='bbox 1321 3090 1567 3159; x_wconf 83' lang='lat' dir='ltr'><strong>delirent,</strong></span> 
     </span>
     <span class='ocr_line' id='line_1_43' title="bbox 559 3164 1568 3239; baseline 0.007 -23"><span class='ocrx_word' id='word_1_266' title='bbox 559 3164 744 3232; x_wconf 84' lang='lat' dir='ltr'><strong>videri,</strong></span> <span class='ocrx_word' id='word_1_267' title='bbox 757 3183 818 3219; x_wconf 75' lang='lat' dir='ltr'><strong>ac</strong></span> <span class='ocrx_word' id='word_1_268' title='bbox 830 3170 893 3217; x_wconf 75' lang='lat' dir='ltr'><strong>Et</strong></span> <span class='ocrx_word' id='word_1_269' title='bbox 903 3169 1096 3219; x_wconf 71' lang='lat' dir='ltr'><strong>totidem</strong></span> <span class='ocrx_word' id='word_1_270' title='bbox 1110 3173 1248 3221; x_wconf 80' lang='lat' dir='ltr'><strong>tellus</strong></span> <span class='ocrx_word' id='word_1_271' title='bbox 1260 3174 1568 3239; x_wconf 75' lang='lat' dir='ltr'><strong>Andr-usfra-</strong></span> 
     </span>
     <span class='ocr_line' id='line_1_44' title="bbox 559 3244 1567 3316; baseline 0.011 -25"><span class='ocrx_word' id='word_1_272' title='bbox 559 3257 698 3294; x_wconf 79' lang='lat' dir='ltr'><strong>tema</strong></span> <span class='ocrx_word' id='word_1_273' title='bbox 723 3244 1028 3316; x_wconf 85' lang='lat' dir='ltr'><strong>legendum,</strong></span> <span class='ocrx_word' id='word_1_274' title='bbox 1053 3244 1179 3298; x_wconf 81' lang='lat' dir='ltr'><strong>alibi</strong></span> <span class='ocrx_word' id='word_1_275' title='bbox 1201 3246 1356 3301; x_wconf 76' lang='lat' dir='ltr'><strong>latius</strong></span> <span class='ocrx_word' id='word_1_276' title='bbox 1389 3263 1567 3302; x_wconf 88' lang='lat' dir='ltr'><strong>osten-</strong></span> 
     </span>
     <span class='ocr_line' id='line_1_45' title="bbox 559 3320 1568 3382; baseline 0.01 -9"><span class='ocrx_word' id='word_1_277' title='bbox 559 3320 753 3375; x_wconf 83' lang='lat' dir='ltr'><strong>dimus.</strong></span> <span class='ocrx_word' id='word_1_278' title='bbox 781 3323 877 3376; x_wconf 84' lang='lat' dir='ltr'><strong>Per</strong></span> <span class='ocrx_word' id='word_1_279' title='bbox 898 3342 1082 3377; x_wconf 80' lang='lat' dir='ltr'><strong>vocem</strong></span> <span class='ocrx_word' id='word_1_280' title='bbox 1109 3328 1236 3377; x_wconf 74' lang='lat' dir='ltr'><strong>natis</strong></span> <span class='ocrx_word' id='word_1_281' title='bbox 1259 3338 1434 3381; x_wconf 89' lang='lat' dir='ltr'><strong>tamen</strong></span> <span class='ocrx_word' id='word_1_282' title='bbox 1461 3347 1568 3382; x_wconf 89' lang='lat' dir='ltr'><strong>non</strong></span> 
     </span>
     <span class='ocr_line' id='line_1_46' title="bbox 561 3402 1570 3477; baseline 0.007 -25"><span class='ocrx_word' id='word_1_283' title='bbox 561 3418 695 3471; x_wconf 76' lang='lat' dir='ltr'><strong>opus</strong></span> <span class='ocrx_word' id='word_1_284' title='bbox 713 3413 786 3454; x_wconf 83' lang='lat' dir='ltr'><strong>est</strong></span> <span class='ocrx_word' id='word_1_285' title='bbox 807 3439 824 3466; x_wconf 83' lang='lat'><strong>,</strong></span> <span class='ocrx_word' id='word_1_286' title='bbox 849 3416 909 3455; x_wconf 88' lang='lat' dir='ltr'><strong>ut</strong></span> <span class='ocrx_word' id='word_1_287' title='bbox 921 3404 1054 3457; x_wconf 75' lang='lat' dir='ltr'><strong>solas</strong></span> <span class='ocrx_word' id='word_1_288' title='bbox 1067 3402 1412 3476; x_wconf 73' lang='lat' dir='ltr'><strong>intelligamus</strong></span> <span class='ocrx_word' id='word_1_289' title='bbox 1426 3406 1570 3477; x_wconf 86' lang='lat' dir='ltr'><strong>puel-</strong></span> 
     </span>
     <span class='ocr_line' id='line_1_47' title="bbox 561 3480 1570 3551; baseline 0.007 -21"><span class='ocrx_word' id='word_1_290' title='bbox 561 3480 669 3545; x_wconf 87' lang='lat' dir='ltr'><strong>las,</strong></span> <span class='ocrx_word' id='word_1_291' title='bbox 695 3498 860 3551; x_wconf 88' lang='lat' dir='ltr'><strong>quum</strong></span> <span class='ocrx_word' id='word_1_292' title='bbox 886 3482 1045 3534; x_wconf 85' lang='lat' dir='ltr'><strong>etiam</strong></span> <span class='ocrx_word' id='word_1_293' title='bbox 1072 3482 1210 3536; x_wconf 83' lang='lat' dir='ltr'><strong>filios</strong></span> <span class='ocrx_word' id='word_1_294' title='bbox 1230 3482 1384 3536; x_wconf 83' lang='lat' dir='ltr'><strong>simul</strong></span> <span class='ocrx_word' id='word_1_295' title='bbox 1409 3484 1570 3537; x_wconf 84' lang='lat' dir='ltr'><strong>inter·</strong></span> 
     </span>
     <span class='ocr_line' id='line_1_48' title="bbox 561 3560 1568 3631; baseline 0.005 -18"><span class='ocrx_word' id='word_1_296' title='bbox 561 3560 756 3631; x_wconf 84' lang='lat' dir='ltr'><strong>pretari</strong></span> <span class='ocrx_word' id='word_1_297' title='bbox 796 3560 983 3623; x_wconf 85' lang='lat' dir='ltr'><strong>liceat,</strong></span> <span class='ocrx_word' id='word_1_298' title='bbox 1024 3574 1076 3615; x_wconf 89' lang='lat' dir='ltr'><strong>et</strong></span> <span class='ocrx_word' id='word_1_299' title='bbox 1119 3563 1315 3616; x_wconf 84' lang='lat' dir='ltr'><strong>incolas</strong></span> <span class='ocrx_word' id='word_1_300' title='bbox 1355 3582 1568 3627; x_wconf 87' lang='lat' dir='ltr'><strong>omnes,</strong></span> 
     </span>
     <span class='ocr_line' id='line_1_49' title="bbox 562 3639 1571 3710; baseline 0.006 -20"><span class='ocrx_word' id='word_1_301' title='bbox 562 3639 754 3709; x_wconf 87' lang='lat' dir='ltr'><strong>quibus</strong></span> <span class='ocrx_word' id='word_1_302' title='bbox 776 3640 1087 3710; x_wconf 79' lang='lat' dir='ltr'><strong>conjunctus</strong></span> <span class='ocrx_word' id='word_1_303' title='bbox 1124 3642 1363 3706; x_wconf 82' lang='lat' dir='ltr'><strong>vixisset,</strong></span> <span class='ocrx_word' id='word_1_304' title='bbox 1389 3642 1432 3695; x_wconf 86' lang='lat' dir='ltr'><strong>si</strong></span> <span class='ocrx_word' id='word_1_305' title='bbox 1464 3661 1571 3696; x_wconf 78' lang='lat' dir='ltr'><strong>ma-</strong></span> 
     </span>
     <span class='ocr_line' id='line_1_50' title="bbox 563 3718 1571 3792; baseline 0.002 -23"><span class='ocrx_word' id='word_1_306' title='bbox 563 3718 869 3771; x_wconf 82' lang='lat' dir='ltr'><strong>trimonium</strong></span> <span class='ocrx_word' id='word_1_307' title='bbox 897 3719 954 3771; x_wconf 91' lang='lat' dir='ltr'><strong>in</strong></span> <span class='ocrx_word' id='word_1_308' title='bbox 984 3718 1221 3773; x_wconf 74' lang='lat' dir='ltr'><strong>Heu-uria</strong></span> <span class='ocrx_word' id='word_1_309' title='bbox 1241 3758 1256 3783; x_wconf 91' lang='lat'><strong>,</strong></span> <span class='ocrx_word' id='word_1_310' title='bbox 1280 3722 1442 3792; x_wconf 80' lang='lat' dir='ltr'><strong>patria</strong></span> <span class='ocrx_word' id='word_1_311' title='bbox 1479 3722 1571 3775; x_wconf 82' lang='lat' dir='ltr'><strong>tel-</strong></span> 
     </span>
     <span class='ocr_line' id='line_1_51' title="bbox 567 3796 1573 3861; baseline 0.005 -14"><span class='ocrx_word' id='word_1_312' title='bbox 567 3796 679 3849; x_wconf 79' lang='lat' dir='ltr'><strong>lure</strong></span> <span class='ocrx_word' id='word_1_313' title='bbox 694 3838 709 3861; x_wconf 90' lang='lat'><strong>,</strong></span> <span class='ocrx_word' id='word_1_314' title='bbox 731 3798 1068 3850; x_wconf 71' lang='lat' dir='ltr'><strong>contraxisset</strong></span> <span class='ocrx_word' id='word_1_315' title='bbox 1092 3798 1455 3853; x_wconf 81' lang='lat' dir='ltr'><strong>Maximianus.</strong></span> <span class='ocrx_word' id='word_1_316' title='bbox 1476 3800 1573 3852; x_wconf 79' lang='lat' dir='ltr'><strong>Fa-</strong></span> 
     </span>
     <span class='ocr_line' id='line_1_52' title="bbox 567 3874 1569 3951; baseline 0.002 -22"><span class='ocrx_word' id='word_1_317' title='bbox 567 3878 637 3929; x_wconf 83' lang='lat' dir='ltr'><strong>cit</strong></span> <span class='ocrx_word' id='word_1_318' title='bbox 666 3874 730 3929; x_wconf 82' lang='lat' dir='ltr'><strong>nd</strong></span> <span class='ocrx_word' id='word_1_319' title='bbox 765 3876 898 3928; x_wconf 83' lang='lat' dir='ltr'><strong>hanc</strong></span> <span class='ocrx_word' id='word_1_320' title='bbox 922 3878 1222 3931; x_wconf 82' lang='lat' dir='ltr'><strong>sententiam</strong></span> <span class='ocrx_word' id='word_1_321' title='bbox 1267 3878 1410 3933; x_wconf 86' lang='lat' dir='ltr'><strong>locus</strong></span> <span class='ocrx_word' id='word_1_322' title='bbox 1425 3882 1569 3951; x_wconf 81' lang='lat' dir='ltr'><strong>Apu·</strong></span> 
     </span>
     <span class='ocr_line' id='line_1_53' title="bbox 571 3956 1569 4028; baseline 0.002 -21"><span class='ocrx_word' id='word_1_323' title='bbox 571 3958 654 4009; x_wconf 84' lang='lat' dir='ltr'><strong>leii</strong></span> <span class='ocrx_word' id='word_1_324' title='bbox 693 3956 906 4009; x_wconf 77' lang='lat' dir='ltr'><strong>Metam.</strong></span> <span class='ocrx_word' id='word_1_325' title='bbox 971 3958 1066 4022; x_wconf 79' lang='lat' dir='ltr'><strong>IV„</strong></span> <span class='ocrx_word' id='word_1_326' title='bbox 1105 3977 1218 4028; x_wconf 76' lang='lat' dir='ltr'><strong>pag.</strong></span> <span class='ocrx_word' id='word_1_327' title='bbox 1285 3960 1370 4024; x_wconf 82' lang='lat'><strong>81,</strong></span> <span class='ocrx_word' id='word_1_328' title='bbox 1437 3960 1569 4011; x_wconf 86' lang='lat' dir='ltr'><strong>Prie.</strong></span> 
     </span>
     <span class='ocr_line' id='line_1_54' title="bbox 573 4034 1575 4107; baseline 0.004 -22"><span class='ocrx_word' id='word_1_329' title='bbox 573 4062 591 4079; x_wconf 87' lang='lat'><strong>··</strong></span> <span class='ocrx_word' id='word_1_330' title='bbox 627 4034 905 4107; x_wconf 75' lang='lat' dir='ltr'><strong>speciosus</strong></span> <span class='ocrx_word' id='word_1_331' title='bbox 942 4036 1240 4089; x_wconf 75' lang='lat' dir='ltr'><strong>adolescens</strong></span> <span class='ocrx_word' id='word_1_332' title='bbox 1267 4038 1406 4091; x_wconf 84' lang='lat' dir='ltr'><strong>inter</strong></span> <span class='ocrx_word' id='word_1_333' title='bbox 1453 4056 1575 4089; x_wconf 74' lang='lat' dir='ltr'><strong>suos</strong></span> 
     </span>
    </p>
   </div>
   <div class='ocr_carea' id='block_1_11' title="bbox 1642 2293 2695 4109">
    <p class='ocr_par' dir='ltr' id='par_1_14' title="bbox 1642 2293 2659 2523">
     <span class='ocr_line' id='line_1_55' title="bbox 1643 2293 2659 2353; baseline -0.008 -2"><span class='ocrx_word' id='word_1_334' title='bbox 1643 2297 1924 2353; x_wconf 80' lang='lat' dir='ltr'><strong>Connubia</strong></span> <span class='ocrx_word' id='word_1_335' title='bbox 1963 2323 2003 2351; x_wconf 72' lang='lat' dir='ltr'><strong>n.</strong></span> <span class='ocrx_word' id='word_1_336' title='bbox 2054 2296 2213 2351; x_wconf 85' lang='lat' dir='ltr'><strong>Conf.</strong></span> <span class='ocrx_word' id='word_1_337' title='bbox 2277 2308 2328 2351; x_wconf 88' lang='lat' dir='ltr'><strong>et</strong></span> <span class='ocrx_word' id='word_1_338' title='bbox 2381 2305 2562 2349; x_wconf 77' lang='lat' dir='ltr'><strong>notata</strong></span> <span class='ocrx_word' id='word_1_339' title='bbox 2602 2293 2659 2344; x_wconf 85' lang='lat' dir='ltr'><strong>in</strong></span> 
     </span>
     <span class='ocr_line' id='line_1_56' title="bbox 1642 2372 2575 2447; baseline -0.009 -14"><span class='ocrx_word' id='word_1_340' title='bbox 1642 2392 1822 2433; x_wconf 84' lang='lat' dir='ltr'><strong>nostra</strong></span> <span class='ocrx_word' id='word_1_341' title='bbox 1848 2379 1930 2431; x_wconf 89' lang='lat' dir='ltr'><strong>ed.</strong></span> <span class='ocrx_word' id='word_1_342' title='bbox 1957 2378 2089 2432; x_wconf 83' lang='lat' dir='ltr'><strong>Stat.</strong></span> <span class='ocrx_word' id='word_1_343' title='bbox 2112 2388 2148 2427; x_wconf 86' lang='grc' dir='ltr'><strong>ι.</strong></span> <span class='ocrx_word' id='word_1_344' title='bbox 2174 2376 2224 2439; x_wconf 87' lang='lat'><strong>1,</strong></span> <span class='ocrx_word' id='word_1_345' title='bbox 2250 2394 2302 2447; x_wconf 89' lang='lat' dir='ltr'><strong>p.</strong></span> <span class='ocrx_word' id='word_1_346' title='bbox 2332 2376 2451 2439; x_wconf 76' lang='lat'><strong>364.</strong></span> <span class='ocrx_word' id='word_1_347' title='bbox 2470 2372 2575 2427; x_wconf 85' lang='lat' dir='ltr'><strong>En.</strong></span> 
     </span>
     <span class='ocr_line' id='line_1_57' title="bbox 1714 2451 2653 2523; baseline -0.009 -12"><span class='ocrx_word' id='word_1_348' title='bbox 1714 2460 1804 2513; x_wconf 84' lang='lat'><strong>63.</strong></span> <span class='ocrx_word' id='word_1_349' title='bbox 1833 2459 2038 2509; x_wconf 79' lang='lat' dir='ltr'><strong>Ver-nali</strong></span> <span class='ocrx_word' id='word_1_350' title='bbox 2061 2474 2260 2523; x_wconf 78' lang='lat' dir='ltr'><strong>corpore</strong></span> <span class='ocrx_word' id='word_1_351' title='bbox 2280 2456 2346 2505; x_wconf 76' lang='lat' dir='ltr'><strong>A.</strong></span> <span class='ocrx_word' id='word_1_352' title='bbox 2374 2452 2470 2504; x_wconf 82' lang='lat' dir='ltr'><strong>Pu.</strong></span> <span class='ocrx_word' id='word_1_353' title='bbox 2493 2451 2653 2503; x_wconf 88' lang='lat' dir='ltr'><strong>Pi.0.</strong></span> 
     </span>
    </p>

    <p class='ocr_par' dir='ltr' id='par_1_15' title="bbox 1646 2532 2695 4109">
     <span class='ocr_line' id='line_1_58' title="bbox 1646 2532 2657 2601; baseline -0.012 -9"><span class='ocrx_word' id='word_1_354' title='bbox 1646 2540 1822 2592; x_wconf 75' lang='lat' dir='ltr'><strong>venali</strong></span> <span class='ocrx_word' id='word_1_355' title='bbox 1843 2538 1913 2589; x_wconf 86' lang='lat' dir='ltr'><strong>V.</strong></span> <span class='ocrx_word' id='word_1_356' title='bbox 1941 2537 2038 2591; x_wconf 86' lang='lat' dir='ltr'><strong>Gr.</strong></span> <span class='ocrx_word' id='word_1_357' title='bbox 2066 2534 2128 2587; x_wconf 94' lang='lat' dir='ltr'><strong>L.</strong></span> <span class='ocrx_word' id='word_1_358' title='bbox 2153 2533 2222 2585; x_wconf 89' lang='lat' dir='ltr'><strong>G.</strong></span> <span class='ocrx_word' id='word_1_359' title='bbox 2240 2534 2449 2601; x_wconf 77' lang='lat' dir='ltr'><strong>juvenili</strong></span> <span class='ocrx_word' id='word_1_360' title='bbox 2472 2532 2539 2584; x_wconf 81' lang='lat' dir='ltr'><strong>R.</strong></span> <span class='ocrx_word' id='word_1_361' title='bbox 2568 2550 2657 2581; x_wconf 73' lang='lat' dir='ltr'><strong>ve·</strong></span> 
     </span>
     <span class='ocr_line' id='line_1_59' title="bbox 1648 2608 2659 2682; baseline -0.009 -12"><span class='ocrx_word' id='word_1_362' title='bbox 1648 2620 1781 2682; x_wconf 72' lang='lat' dir='ltr'><strong>nali,</strong></span> <span class='ocrx_word' id='word_1_363' title='bbox 1810 2627 1871 2670; x_wconf 87' lang='lat' dir='ltr'><strong>ut</strong></span> <span class='ocrx_word' id='word_1_364' title='bbox 1898 2614 2181 2667; x_wconf 90' lang='lat' dir='ltr'><strong>lectionem</strong></span> <span class='ocrx_word' id='word_1_365' title='bbox 2201 2610 2461 2665; x_wconf 82' lang='lat' dir='ltr'><strong>sinceram</strong></span> <span class='ocrx_word' id='word_1_366' title='bbox 2485 2620 2537 2661; x_wconf 88' lang='lat' dir='ltr'><strong>et</strong></span> <span class='ocrx_word' id='word_1_367' title='bbox 2556 2608 2659 2661; x_wconf 92' lang='lat' dir='ltr'><strong>ele-</strong></span> 
     </span>
     <span class='ocr_line' id='line_1_60' title="bbox 1648 2689 2661 2769; baseline -0.014 -19"><span class='ocrx_word' id='word_1_368' title='bbox 1648 2708 1856 2769; x_wconf 74' lang='lat' dir='ltr'><strong>gantem</strong></span> <span class='ocrx_word' id='word_1_369' title='bbox 1877 2692 2133 2765; x_wconf 84' lang='lat' dir='ltr'><strong>explicare</strong></span> <span class='ocrx_word' id='word_1_370' title='bbox 2161 2689 2314 2743; x_wconf 80' lang='lat' dir='ltr'><strong>facile</strong></span> <span class='ocrx_word' id='word_1_371' title='bbox 2336 2700 2427 2741; x_wconf 80' lang='lat' dir='ltr'><strong>est.</strong></span> <span class='ocrx_word' id='word_1_372' title='bbox 2440 2720 2505 2731; x_wconf 90' lang='lat'><strong>—</strong></span> <span class='ocrx_word' id='word_1_373' title='bbox 2524 2690 2661 2738; x_wconf 80' lang='lat' dir='ltr'><strong>Ibam</strong></span> 
     </span>
     <span class='ocr_line' id='line_1_61' title="bbox 1650 2768 2666 2841; baseline -0.01 -15"><span class='ocrx_word' id='word_1_374' title='bbox 1650 2776 1825 2827; x_wconf 76' lang='lat' dir='ltr'><strong>venali</strong></span> <span class='ocrx_word' id='word_1_375' title='bbox 1842 2792 2067 2841; x_wconf 76' lang='lat' dir='ltr'><strong>corpore,</strong></span> <span class='ocrx_word' id='word_1_376' title='bbox 2088 2769 2147 2823; x_wconf 86' lang='lat' dir='ltr'><strong>h.</strong></span> <span class='ocrx_word' id='word_1_377' title='bbox 2169 2788 2213 2823; x_wconf 90' lang='lat' dir='ltr'><strong>e.</strong></span> <span class='ocrx_word' id='word_1_378' title='bbox 2234 2768 2442 2820; x_wconf 86' lang='lat' dir='ltr'><strong>incessu</strong></span> <span class='ocrx_word' id='word_1_379' title='bbox 2459 2778 2666 2819; x_wconf 76' lang='lat' dir='ltr'><strong>ornatu-</strong></span> 
     </span>
     <span class='ocr_line' id='line_1_62' title="bbox 1648 2845 2666 2925; baseline -0.012 -18"><span class='ocrx_word' id='word_1_380' title='bbox 1648 2872 1754 2925; x_wconf 85' lang='lat' dir='ltr'><strong>que</strong></span> <span class='ocrx_word' id='word_1_381' title='bbox 1766 2851 2001 2924; x_wconf 86' lang='lat' dir='ltr'><strong>corporis</strong></span> <span class='ocrx_word' id='word_1_382' title='bbox 2019 2848 2299 2912; x_wconf 80' lang='lat' dir='ltr'><strong>adfectato,</strong></span> <span class='ocrx_word' id='word_1_383' title='bbox 2316 2845 2383 2898; x_wconf 85' lang='lat' dir='ltr'><strong>ita</strong></span> <span class='ocrx_word' id='word_1_384' title='bbox 2404 2864 2490 2897; x_wconf 90' lang='lat' dir='ltr'><strong>me</strong></span> <span class='ocrx_word' id='word_1_385' title='bbox 2502 2846 2666 2916; x_wconf 78' lang='lat' dir='ltr'><strong>jacta-</strong></span> 
     </span>
     <span class='ocr_line' id='line_1_63' title="bbox 1652 2922 2665 3005; baseline -0.012 -20"><span class='ocrx_word' id='word_1_386' title='bbox 1652 2932 1777 2985; x_wconf 74' lang='lat' dir='ltr'><strong>bam</strong></span> <span class='ocrx_word' id='word_1_387' title='bbox 1796 2932 1850 2983; x_wconf 91' lang='lat' dir='ltr'><strong>in</strong></span> <span class='ocrx_word' id='word_1_388' title='bbox 1866 2929 2099 3005; x_wconf 80' lang='lat' dir='ltr'><strong>publico,</strong></span> <span class='ocrx_word' id='word_1_389' title='bbox 2110 2925 2269 2998; x_wconf 89' lang='lat' dir='ltr'><strong>utqui</strong></span> <span class='ocrx_word' id='word_1_390' title='bbox 2288 2943 2373 2977; x_wconf 88' lang='lat' dir='ltr'><strong>me</strong></span> <span class='ocrx_word' id='word_1_391' title='bbox 2388 2922 2665 2977; x_wconf 83' lang='lat' dir='ltr'><strong>venditare</strong></span> 
     </span>
     <span class='ocr_line' id='line_1_64' title="bbox 1654 3006 2665 3088; baseline -0.015 -18"><span class='ocrx_word' id='word_1_392' title='bbox 1654 3034 1901 3088; x_wconf 83' lang='lat' dir='ltr'><strong>cuperem</strong></span> <span class='ocrx_word' id='word_1_393' title='bbox 1930 3012 2068 3077; x_wconf 84' lang='lat' dir='ltr'><strong>aliis,</strong></span> <span class='ocrx_word' id='word_1_394' title='bbox 2086 3008 2238 3081; x_wconf 80' lang='lat' dir='ltr'><strong>quasi</strong></span> <span class='ocrx_word' id='word_1_395' title='bbox 2266 3006 2473 3061; x_wconf 82' lang='lat' dir='ltr'><strong>venales</strong></span> <span class='ocrx_word' id='word_1_396' title='bbox 2514 3023 2665 3059; x_wconf 83' lang='lat' dir='ltr'><strong>man-</strong></span> 
     </span>
     <span class='ocr_line' id='line_1_65' title="bbox 1654 3086 2671 3167; baseline -0.011 -19"><span class='ocrx_word' id='word_1_397' title='bbox 1654 3094 1811 3167; x_wconf 78' lang='lat' dir='ltr'><strong>gonio</strong></span> <span class='ocrx_word' id='word_1_398' title='bbox 1842 3091 2082 3165; x_wconf 83' lang='lat' dir='ltr'><strong>producti</strong></span> <span class='ocrx_word' id='word_1_399' title='bbox 2107 3089 2164 3142; x_wconf 88' lang='lat' dir='ltr'><strong>in</strong></span> <span class='ocrx_word' id='word_1_400' title='bbox 2200 3090 2339 3141; x_wconf 82' lang='lat' dir='ltr'><strong>soro.</strong></span> <span class='ocrx_word' id='word_1_401' title='bbox 2378 3086 2671 3157; x_wconf 81' lang='lat' dir='ltr'><strong>Mangones</strong></span> 
     </span>
     <span class='ocr_line' id='line_1_66' title="bbox 1656 3162 2671 3227; baseline -0.013 -1"><span class='ocrx_word' id='word_1_402' title='bbox 1656 3172 1793 3227; x_wconf 86' lang='lat' dir='ltr'><strong>enim</strong></span> <span class='ocrx_word' id='word_1_403' title='bbox 1822 3184 1871 3224; x_wconf 87' lang='lat' dir='ltr'><strong>et</strong></span> <span class='ocrx_word' id='word_1_404' title='bbox 1902 3169 2131 3224; x_wconf 83' lang='lat' dir='ltr'><strong>venalitii</strong></span> <span class='ocrx_word' id='word_1_405' title='bbox 2166 3184 2373 3221; x_wconf 89' lang='lat' dir='ltr'><strong>summo</strong></span> <span class='ocrx_word' id='word_1_406' title='bbox 2411 3162 2585 3217; x_wconf 85' lang='lat' dir='ltr'><strong>studio</strong></span> <span class='ocrx_word' id='word_1_407' title='bbox 2616 3162 2671 3215; x_wconf 85' lang='lat' dir='ltr'><strong>id</strong></span> 
     </span>
     <span class='ocr_line' id='line_1_67' title="bbox 1656 3241 2673 3325; baseline -0.012 -20"><span class='ocrx_word' id='word_1_408' title='bbox 1656 3268 1869 3325; x_wconf 77' lang='lat' dir='ltr'><strong>operam</strong></span> <span class='ocrx_word' id='word_1_409' title='bbox 1914 3248 2143 3314; x_wconf 83' lang='lat' dir='ltr'><strong>dabant,</strong></span> <span class='ocrx_word' id='word_1_410' title='bbox 2184 3258 2242 3299; x_wconf 88' lang='lat' dir='ltr'><strong>ut</strong></span> <span class='ocrx_word' id='word_1_411' title='bbox 2283 3241 2673 3312; x_wconf 76' lang='lat' dir='ltr'><strong>mancipiorum</strong></span> 
     </span>
     <span class='ocr_line' id='line_1_68' title="bbox 1657 3322 2676 3403; baseline -0.014 -17"><span class='ocrx_word' id='word_1_412' title='bbox 1657 3330 1987 3403; x_wconf 87' lang='lat' dir='ltr'><strong>corporibus,</strong></span> <span class='ocrx_word' id='word_1_413' title='bbox 1998 3346 2106 3399; x_wconf 87' lang='lat' dir='ltr'><strong>quo</strong></span> <span class='ocrx_word' id='word_1_414' title='bbox 2122 3322 2461 3380; x_wconf 81' lang='lat' dir='ltr'><strong>vendibiliora</strong></span> <span class='ocrx_word' id='word_1_415' title='bbox 2481 3331 2676 3385; x_wconf 81' lang='lat' dir='ltr'><strong>essent,</strong></span> 
     </span>
     <span class='ocr_line' id='line_1_69' title="bbox 1656 3398 2673 3482; baseline -0.015 -18"><span class='ocrx_word' id='word_1_416' title='bbox 1656 3406 2106 3482; x_wconf 84' lang='lat' dir='ltr'><strong>pulchritudinem</strong></span> <span class='ocrx_word' id='word_1_417' title='bbox 2125 3400 2409 3478; x_wconf 82' lang='lat' dir='ltr'><strong>quamdam</strong></span> <span class='ocrx_word' id='word_1_418' title='bbox 2424 3416 2511 3469; x_wconf 83' lang='lat' dir='ltr'><strong>gra</strong></span> <span class='ocrx_word' id='word_1_419' title='bbox 2518 3398 2589 3451; x_wconf 82' lang='lat' dir='ltr'><strong>tia</strong></span> <span class='ocrx_word' id='word_1_420' title='bbox 2596 3417 2673 3450; x_wconf 89' lang='lat' dir='ltr'><strong>m-</strong></span> 
     </span>
     <span class='ocr_line' id='line_1_70' title="bbox 1656 3476 2677 3559; baseline -0.014 -18"><span class='ocrx_word' id='word_1_421' title='bbox 1656 3506 1763 3559; x_wconf 88' lang='lat' dir='ltr'><strong>que</strong></span> <span class='ocrx_word' id='word_1_422' title='bbox 1786 3486 2165 3548; x_wconf 81' lang='lat' dir='ltr'><strong>conciliarent,</strong></span> <span class='ocrx_word' id='word_1_423' title='bbox 2190 3495 2250 3535; x_wconf 86' lang='lat' dir='ltr'><strong>ut</strong></span> <span class='ocrx_word' id='word_1_424' title='bbox 2290 3479 2432 3531; x_wconf 86' lang='lat' dir='ltr'><strong>Hier.</strong></span> <span class='ocrx_word' id='word_1_425' title='bbox 2461 3476 2677 3530; x_wconf 80' lang='lat' dir='ltr'><strong>Mercu-</strong></span> 
     </span>
     <span class='ocr_line' id='line_1_71' title="bbox 1656 3561 2681 3633; baseline -0.012 -13"><span class='ocrx_word' id='word_1_426' title='bbox 1656 3566 1817 3633; x_wconf 83' lang='lat' dir='ltr'><strong>rialis,</strong></span> <span class='ocrx_word' id='word_1_427' title='bbox 1834 3568 1963 3618; x_wconf 85' lang='lat' dir='ltr'><strong>Var.</strong></span> <span class='ocrx_word' id='word_1_428' title='bbox 1991 3565 2111 3617; x_wconf 88' lang='lat' dir='ltr'><strong>lect.</strong></span> <span class='ocrx_word' id='word_1_429' title='bbox 2134 3562 2228 3615; x_wconf 89' lang='lat' dir='ltr'><strong>lib.</strong></span> <span class='ocrx_word' id='word_1_430' title='bbox 2256 3561 2328 3623; x_wconf 85' lang='lat'><strong>11,</strong></span> <span class='ocrx_word' id='word_1_431' title='bbox 2354 3576 2398 3610; x_wconf 91' lang='lat' dir='ltr'><strong>c.</strong></span> <span class='ocrx_word' id='word_1_432' title='bbox 2426 3574 2472 3620; x_wconf 84' lang='lat'><strong>1,</strong></span> <span class='ocrx_word' id='word_1_433' title='bbox 2494 3574 2557 3607; x_wconf 81' lang='lat' dir='ltr'><strong>ex</strong></span> <span class='ocrx_word' id='word_1_434' title='bbox 2587 3574 2681 3609; x_wconf 88' lang='lat' dir='ltr'><strong>eo·</strong></span> 
     </span>
     <span class='ocr_line' id='line_1_72' title="bbox 1658 3632 2681 3717; baseline -0.014 -18"><span class='ocrx_word' id='word_1_435' title='bbox 1658 3664 1761 3717; x_wconf 85' lang='lat' dir='ltr'><strong>quc</strong></span> <span class='ocrx_word' id='word_1_436' title='bbox 1808 3644 1855 3697; x_wconf 82' lang='lat' dir='ltr'><strong>J.</strong></span> <span class='ocrx_word' id='word_1_437' title='bbox 1905 3644 1995 3696; x_wconf 74' lang='lat' dir='ltr'><strong>Fr.</strong></span> <span class='ocrx_word' id='word_1_438' title='bbox 2042 3642 2284 3712; x_wconf 83' lang='lat' dir='ltr'><strong>Juglerus</strong></span> <span class='ocrx_word' id='word_1_439' title='bbox 2324 3634 2390 3688; x_wconf 87' lang='lat' dir='ltr'><strong>de</strong></span> <span class='ocrx_word' id='word_1_440' title='bbox 2448 3632 2681 3686; x_wconf 87' lang='lat' dir='ltr'><strong>nundin.</strong></span> 
     </span>
     <span class='ocr_line' id='line_1_73' title="bbox 1658 3712 2683 3802; baseline -0.015 -24"><span class='ocrx_word' id='word_1_441' title='bbox 1658 3744 1792 3778; x_wconf 83' lang='lat' dir='ltr'><strong>serv.</strong></span> <span class='ocrx_word' id='word_1_442' title='bbox 1822 3742 1935 3794; x_wconf 80' lang='lat' dir='ltr'><strong>cap.</strong></span> <span class='ocrx_word' id='word_1_443' title='bbox 1964 3730 2016 3785; x_wconf 72' lang='grc'><strong>4,</strong></span> <span class='ocrx_word' id='word_1_444' title='bbox 2042 3722 2211 3774; x_wconf 84' lang='lat' dir='ltr'><strong>docet.</strong></span> <span class='ocrx_word' id='word_1_445' title='bbox 2232 3718 2462 3789; x_wconf 80' lang='lat' dir='ltr'><strong>Ipsaque</strong></span> <span class='ocrx_word' id='word_1_446' title='bbox 2482 3712 2683 3802; x_wconf 42' lang='lat' dir='ltr'><strong>manc-i—</strong></span> 
     </span>
     <span class='ocr_line' id='line_1_74' title="bbox 1660 3800 2685 3875; baseline -0.014 -22"><span class='ocrx_word' id='word_1_447' title='bbox 1660 3804 1739 3875; x_wconf 79' lang='lat' dir='ltr'><strong>pia</strong></span> <span class='ocrx_word' id='word_1_448' title='bbox 1796 3820 1987 3855; x_wconf 80' lang='lat' dir='ltr'><strong>venum</strong></span> <span class='ocrx_word' id='word_1_449' title='bbox 2040 3800 2295 3873; x_wconf 78' lang='lat' dir='ltr'><strong>exposita,</strong></span> <span class='ocrx_word' id='word_1_450' title='bbox 2356 3812 2463 3864; x_wconf 84' lang='lat' dir='ltr'><strong>quo</strong></span> <span class='ocrx_word' id='word_1_451' title='bbox 2512 3808 2685 3861; x_wconf 59' lang='lat' dir='ltr'><strong>niagiz</strong></span> 
     </span>
     <span class='ocr_line' id='line_1_75' title="bbox 1661 3878 2681 3953; baseline -0.012 -20"><span class='ocrx_word' id='word_1_452' title='bbox 1661 3882 1883 3953; x_wconf 74' lang='lat' dir='ltr'><strong>spectari</strong></span> <span class='ocrx_word' id='word_1_453' title='bbox 1923 3878 2240 3952; x_wconf 71' lang='lat' dir='ltr'><strong>probarique</strong></span> <span class='ocrx_word' id='word_1_454' title='bbox 2284 3880 2517 3945; x_wconf 77' lang='lat' dir='ltr'><strong>possent.</strong></span> <span class='ocrx_word' id='word_1_455' title='bbox 2557 3886 2681 3921; x_wconf 87' lang='lat' dir='ltr'><strong>cur·</strong></span> 
     </span>
     <span class='ocr_line' id='line_1_76' title="bbox 1662 3958 2695 4023; baseline -0.015 -10"><span class='ocrx_word' id='word_1_456' title='bbox 1662 3979 1775 4013; x_wconf 84' lang='lat' dir='ltr'><strong>rcrc</strong></span> <span class='ocrx_word' id='word_1_457' title='bbox 1818 3972 1867 4011; x_wconf 87' lang='lat' dir='ltr'><strong>ct</strong></span> <span class='ocrx_word' id='word_1_458' title='bbox 1906 3960 2059 4013; x_wconf 83' lang='lat' dir='ltr'><strong>salire</strong></span> <span class='ocrx_word' id='word_1_459' title='bbox 2095 3958 2147 4010; x_wconf 84' lang='lat' dir='ltr'><strong>iu</strong></span> <span class='ocrx_word' id='word_1_460' title='bbox 2173 3960 2455 4023; x_wconf 81' lang='lat' dir='ltr'><strong>conspectu</strong></span> <span class='ocrx_word' id='word_1_461' title='bbox 2480 3959 2695 4017; x_wconf 75' lang='lat' dir='ltr'><strong>empto·</strong></span> 
     </span>
     <span class='ocr_line' id='line_1_77' title="bbox 1666 4025 2694 4109; baseline -0.013 -20"><span class='ocrx_word' id='word_1_462' title='bbox 1666 4057 1781 4090; x_wconf 86' lang='lat' dir='ltr'><strong>rum</strong></span> <span class='ocrx_word' id='word_1_463' title='bbox 1826 4038 2161 4109; x_wconf 83' lang='lat' dir='ltr'><strong>jubebantur.</strong></span> <span class='ocrx_word' id='word_1_464' title='bbox 2226 4036 2345 4097; x_wconf 84' lang='lat' dir='ltr'><strong>Quo</strong></span> <span class='ocrx_word' id='word_1_465' title='bbox 2393 4025 2694 4097; x_wconf 82' lang='lat' dir='ltr'><strong>respiciunt</strong></span> 
     </span>
    </p>
   </div>
  </div>
 </body>
</html>
