2964 4690
535 391 673 471 240

1288 393 1901 464 MAXIMIANI

625 513 916 580 Tantum
951 512 1020 578 in
1059 526 1418 606 conspectu
1461 515 1685 584 studio
1720 515 2060 609 perstabat
2096 516 2304 600 inani,
2626 541 2671 578 2⁵

725 622 942 692 Anxia
985 606 1271 692 vel'solo
1317 622 1570 693 lumine
1608 624 1813 695 corda
1852 626 2100 695 fovenS.

625 738 740 805 Me
783 733 1164 829 pedagogus
1203 733 1378 821 adit,
1423 733 1606 805 illam
1650 739 2023 807 tristissima
2068 753 2281 806 mater

719 843 1070 928 Servabat‚
1105 844 1276 913 tanti
1311 869 1512 939 poena
1548 847 1837 916 secunda
1874 845 2067 932 mali3
2140 842 2145 850 ’

628 953 1170 1047 Prensabantque
1210 953 1440 1024 oculos
1484 972 1818 1051 nutusque
1853 981 1975 1050 per
2008 959 2235 1025 omnia
2271 971 2568 1043 nostroS‚

726 1067 998 1160 Quique
1037 1063 1205 1134 solet
1237 1067 1487 1136 mentis
1528 1067 1772 1137 ducere
1812 1068 2001 1162 sig-na
2032 1066 2238 1136 color.

631 1181 816 1247 Dum
866 1175 1092 1262 licuit,
1129 1190 1356 1245 votum
1395 1179 1599 1248 tacite
1641 1178 2153 1276 compressimus
2187 1179 2422 1267 ambo,

727 1289 815 1356 Et
852 1286 1032 1356 varia
1077 1283 1302 1356 dulces
1341 1288 1627 1357 teximus
1663 1302 1805 1356 arte
1848 1285 2056 1358 dolos.

633 1403 724 1469 At
761 1411 1116 1492 postquam
1161 1413 1452 1466 teneram
1497 1400 1681 1492 rupit
1717 1397 2109 1467 verecundia
2150 1395 2467 1484 frontem,

717 1511 857 1578 Nec
890 1505 1100 1577 valuit
1141 1508 1407 1601 penitus
1447 1507 1713 1576 flamma
1750 1521 2013 1601 recepta
2052 1507 2223 1598 tegi,

612 1697 692 1752 15.
719 1698 936 1750 Studium
959 1700 1220 1766 perstabat
1247 1699 1399 1750 inane
1414 1698 1475 1749 R.
1494 1697 1558 1750 L.

1646 1695 1731 1760 11,
1760 1713 1815 1766 7,
1843 1697 1877 1748 6
1905 1715 1919 1750 :
1944 1719 1971 1740 α
1992 1695 2058 1746 In
2081 1695 2229 1747 vultu
2264 1693 2446 1748 tacitas
2484 1697 2665 1768 arguis

534 1782 584 1830 iu
617 1791 922 1844 conspectum
947 1778 1104 1827 studio
1125 1779 1396 1843 proeseabat
1419 1778 1563 1828 inani
1647 1793 1760 1828 esse
1786 1785 1935 1827 notas
1949 1799 1990 1826 a.

534 1857 601 1914 G.
628 1855 721 1911 sed
747 1855 959 1927 vulgata
974 1893 990 1920 ,
1013 1873 1176 1926 quam
1195 1853 1466 1919 dedimus,
1484 1856 1559 1909 le-

534 1937 642 1990 ctio
660 1934 864 1988 melior.
883 1965 954 1975 —-
979 1939 1186 1986 Tantum
1206 1935 1256 1986 in
1281 1949 1559 2002 conspectu,

485 2037 492 2044 ·
532 2029 632 2070 etc.
677 2015 794 2068 Hoc
832 2024 1036 2068 tantum
1081 2011 1348 2076 studebat,
1381 2024 1442 2066 ut
1474 2032 1553 2067 as-

533 2093 689 2150 sidue.
710 2105 847 2147 stare
869 2095 928 2146 in
968 2103 1280 2164 conspectu,
1307 2103 1360 2146 et
1381 2091 1554 2164 adspi-

531 2193 654 2228 cere
677 2171 983 2244 adspicique
1023 2171 1208 2237 vellet,
1241 2190 1349 2244 quo
1372 2182 1549 2224 tamen

529 2251 704 2306 studio
731 2250 863 2304 nihil
891 2251 1001 2322 ipsa
1029 2249 1354 2322 proficiebat.

606 2335 686 2385 16.
724 2331 901 2384 Anxia
933 2334 1022 2383 vel
1042 2332 1148 2382 solo
1180 2332 1367 2382 lumina
1403 2333 1551 2383 corde

514 2414 694 2479 fovens
714 2410 776 2462 B.
797 2410 864 2462 O.
881 2421 934 2462 et
957 2408 1175 2481 reliquae
1195 2408 1539 2463 recentiores:

529 2496 594 2545 de
617 2495 724 2543 solo
753 2493 819 2543 L.
851 2494 958 2541 solo
985 2492 1168 2541 lumine
1193 2492 1346 2540 corda
1357 2490 1543 2558 fovens

531 2572 594 2625 1..
645 2570 701 2623 Ρ.
741 2570 820 2623 Pi.
867 2568 1018 2624 Idem
1055 2588 1152 2643 per
1188 2572 1547 2644 conjecturam

532 2651 712 2705 statuit
737 2650 1110 2703 Ommerenns.
1401 2636 1412 2651 ⁸

608 2748 689 2801 17.
707 2732 1020 2799 Poedagogus
1041 2731 1151 2781 adit
1169 2747 1265 2793 me,
1285 2730 1420 2781 illam
1430 2728 1549 2781 Bas.

529 2809 604 2862 Pi.
617 2807 700 2861 ed.
717 2808 923 2861 Hnnov.
946 2818 998 2859 et
1019 2806 1194 2877 plures
1211 2819 1408 2859 recent.
1425 2824 1551 2859 cum

527 2877 646 2961 B'ip.
666 2894 749 2941 Me
761 2892 1060 2957 pedagogus
1084 2890 1208 2947 adit,
1231 2888 1365 2938 illam
1394 2888 1455 2937 V.
1485 2888 1546 2938 Β.

527 2968 588 3020 L.
616 2968 681 3020 P.
703 2970 762 3021 A.
791 2968 857 3021 0.
877 2978 929 3021 et
950 2964 1024 3019 sic
1047 2982 1111 3017 ex
1128 2964 1282 3036 Mpto
1298 2965 1331 3016 J
1334 2964 1468 3016 ureti
1484 2963 1549 3017 le-

533 3045 608 3118 git
629 3045 851 3099 Salmas.
879 3044 949 3097 ad
975 3042 1152 3115 Spart.
1172 3062 1292 3115 pag.
1319 3042 1550 3114 157,ηο-

529 3136 672 3178 tante
698 3123 930 3177 Heinsio.
960 3126 1044 3174 He
1059 3126 1357 3191 pedagogus
1385 3124 1544 3185 habet,

527 3206 666 3256 illam
688 3201 758 3256 G.

603 3284 686 3335 18.
743 3284 897 3333 Taciti
941 3292 993 3333 et
1035 3297 1196 3351 supra
1234 3283 1361 3331 tanti
1387 3282 1449 3333 L.
1473 3312 1545 3321 —

533 3365 683 3415 Tanti
698 3378 852 3429 poena
874 3364 1091 3413 secunda
1111 3362 1247 3413 mali.
1279 3359 1392 3411 Hoc
1417 3357 1545 3412 alte-

523 3462 645 3496 rum
674 3438 807 3494 illud
836 3452 966 3503 erat,
996 3436 1140 3512 quod
1176 3438 1234 3492 in
1272 3440 1372 3493 isto
1401 3439 1545 3495 malo

525 3542 622 3576 nos
645 3520 981 3575 excruciaret.
999 3526 1156 3572 Poena
1177 3520 1362 3593 soepius
1378 3519 1543 3573 utitur

523 3602 716 3656 Noster
733 3619 834 3672 pro
857 3598 1096 3653 molestia
1122 3611 1173 3653 et
1200 3600 1458 3666 cruciatu,
1484 3611 1544 3651 ut

522 3680 604 3734 El.
624 3682 679 3746 1,
701 3687 762 3743 4,
797 3678 916 3740 183,
945 3684 1063 3741 241.

598 3776 680 3825 19.
715 3759 1115 3822 Pmnmbanaeque
1143 3756 1203 3807 B.
1219 3756 1300 3808 Pi.
1322 3757 1391 3810 Ο.
1412 3765 1539 3810 Pen-

522 3840 703 3889 sabam
739 3834 824 3889 vel
855 3838 1127 3903 signabant
1153 3838 1221 3889 V.
1259 3838 1315 3890 Β.
1346 3837 1444 3892 Gr.
1479 3838 1540 3891 L.

520 3915 586 3970 G.
626 3946 696 3955 —
731 3916 1035 3967 Prensabane
1079 3920 1245 3968 oculos
1281 3932 1539 3987 nutusque.

517 3994 882 4048 observabant
895 4033 911 4055 ,
937 3992 1270 4066 adripiebant
1282 4035 1296 4057 ,
1316 3997 1536 4051 adnota-

517 4074 646 4126 bant
663 4110 679 4134 ,
701 4085 758 4125 ut
781 4070 904 4125 inde
922 4087 1216 4145 arguerent.
1235 4074 1394 4131 Ovid.
1418 4079 1537 4130 Am.

1720 1871 1801 1906 πο.
1832 1855 2013 1904 Mentis
2034 1855 2213 1903 ducere
2236 1855 2385 1920 st‘gna
2410 1853 2470 1906 B.
2491 1853 2566 1905 Pi.
2592 1855 2661 1906 Ο.

1646 1944 1699 1985 et
1716 1931 2047 1986 recentiores.
2068 1933 2243 1983 Dicere
2253 1933 2403 1999 signa
2421 1933 2480 1984 L.
2498 1935 2665 1985 dicere

1644 2015 1841 2082 singula
1869 2015 2007 2063 color
2027 2007 2093 2062 G.

1712 2109 1739 2144 τι
1752 2109 1771 2144 1
1781 2131 1794 2144 .
1818 2091 2189 2158 Compressimus
2205 2105 2389 2141 omnes
2402 2090 2657 2161 vulgata:

1640 2173 1981 2238 compescimus
1997 2168 2065 2220 Β.

1714 2268 1775 2304 22
1784 2289 1798 2301 .
1810 2255 1875 2301 Ec
1886 2251 2034 2301 varia
2044 2251 2210 2299 dulces
2222 2251 2428 2299 cexienus
2448 2263 2556 2300 aree
2572 2253 2662 2302 do-

1636 2333 1735 2397 los,
1768 2329 1843 2383 sic
1858 2329 2086 2401 vulgata
2102 2369 2117 2396 ,
2143 2325 2237 2381 sed
2256 2331 2427 2401 varios
2444 2331 2585 2382 dulci
2598 2331 2659 2383 Β.

1636 2410 1698 2463 L.
1712 2409 1779 2464 G.
1794 2410 2024 2463 Praefcro
2051 2407 2327 2461 lectionem
2349 2409 2623 2480 vulgarem
2640 2429 2657 2474 ;

1633 2492 1891 2559 artejocos
1906 2486 2210 2541 vultWith.
2225 2506 2282 2559 p.
2294 2486 2518 2553 324,sed
2530 2507 2663 2561 pro·

1636 2567 1846 2622 cedenti
1862 2571 2071 2619 teximus
2086 2565 2261 2619 minus
2278 2566 2541 2620 convenit.
2553 2568 2658 2621 En.

1712 2648 1793 2700 23.
1809 2654 1881 2698 Ae
1905 2650 2103 2697 tandem
2128 2645 2192 2695 R.
2209 2644 2302 2697 Gr.
2331 2643 2391 2697 P.
2422 2648 2549 2713 rupit
2570 2668 2662 2699 νε»

1638 2730 1876 2777 recundia
1893 2740 2101 2777 mentem
2126 2724 2195 2777 G.
2227 2728 2357 2793 rupit
2388 2730 2657 2779 vehemen-

1638 2807 1705 2856 n'a
1702 2808 1925 2873 frontem
1941 2803 2156 2875 corrigit
2164 2802 2462 2858 Withofius
2472 2823 2656 2876 ‚quem

1638 2901 1748 2937 non
1775 2881 1955 2937 audio.
1984 2882 2189 2935 Vitium
2228 2883 2381 2934 metri
2425 2883 2478 2935 in
2522 2904 2659 2939 voce

1638 2966 1943 3017 verecundia
1963 2961 2155 3034 sapius
2180 2960 2411 3014 admittit
2440 2964 2659 3027 Noster,

1638 3053 1700 3096 ut
1726 3063 1776 3097 v.
1801 3046 1864 3097 61
1890 3062 1905 3108 ς
1932 3044 2007 3105 V,
2038 3042 2123 3095 55.
2148 3073 2219 3083 —
2250 3044 2393 3111 Rupit
2414 3064 2661 3095 verecun-

1637 3127 1724 3174 dia
1736 3124 1973 3192 frontem.
2003 3120 2375 3188 verecundia,
2406 3140 2528 3193 quo
2562 3122 2663 3177 ad-

1634 3201 1745 3255 huc
1765 3203 1863 3255 fuit
1881 3242 1897 3269 ,
1925 3213 2081 3273 rupto
2108 3213 2161 3254 et
2186 3202 2359 3255 soluto
2385 3202 2529 3255 omni
2556 3220 2661 3273 pu-

1636 3279 1793 3347 dore,
1842 3281 1909 3334 de
1962 3282 2135 3333 fronte
2179 3282 2433 3353 profugit.
2486 3282 2657 3337 Ovid.

1633 3360 1762 3413 Her.
1792 3362 1891 3421 lv,
1922 3360 2017 3413 155
2043 3378 2057 3412 ε
2092 3385 2115 3406 ι
2151 3359 2661 3432 Depudnit,prosu-

1631 3456 1838 3512 gusqne
1862 3437 2037 3511 pudor
2052 3458 2141 3491 sua
2177 3441 2325 3510 signa
2340 3440 2659 3512 relinquita.

1630 3518 1797 3573 Frons
1832 3531 1891 3572 ut
1930 3516 2083 3571 sedes
2131 3518 2387 3591 pudoris,
2428 3518 2499 3572 ita
2537 3520 2663 3593 ipse

1630 3597 1823 3671 pudor.
1857 3598 1996 3651 Pers.
2038 3598 2107 3666 V,
2154 3606 2249 3662 104
2288 3618 2299 3651 :
2344 3626 2367 3645 ιι
2392 3598 2663 3654 exclamat

1629 3678 1846 3751 periisse
1877 3678 2125 3731 Frontem
2146 3678 2213 3730 de
2236 3679 2395 3731 rebus
2422 3704 2466 3732 υ.
2486 3680 2665 3734 Cate-

1628 3777 1747 3811 rum
1784 3757 1874 3811 hic
1907 3757 2085 3810 minus
2120 3770 2363 3811 accurate
2392 3776 2505 3811 rem
2542 3758 2665 3812 elo-

1629 3850 1823 3909 quutus
1863 3849 1939 3890 est
1979 3836 2356 3902 Maximianus,
2383 3836 2587 3892 etiamsi
2626 3860 2661 3893 a

1630 3916 1761 3969 vitio
1779 3916 1928 3969 metri
1948 3913 2265 3969 discesseris.

1703 4002 1783 4059 η.
1822 3999 2017 4046 Peninus
2044 3998 2259 4065 flamma
2298 4010 2489 4065 recepta
2534 4000 2659 4065 tegi.

1630 4074 1785 4130 ovid.
1832 4074 1970 4130 Fast.
2013 4075 2087 4140 V,
2112 4074 2251 4139 403:
2286 4101 2309 4121 ··
2332 4076 2663 4147 penitusque
