2964 4690
886 377 1247 446 CENTO
1308 378 1916 450 NUPTIALIS.

424 551 440 565 .
480 521 588 566 11.
636 497 841 566 Haesit
866 550 885 582 ‚
914 497 1417 592 virgineumque
1447 498 1580 568 alte
1597 499 1784 569 bibit
1810 515 1956 570 acta
1991 525 2318 571 cruorem.

517 632 586 675 2.
636 607 1003 675 Insonuere
1033 631 1245 694 cavae,
1262 609 1718 703 gemitumque
1751 609 1994 680 dedere
2025 635 2346 681 cavernae.

422 769 439 785 .
485 741 513 786 1
537 741 561 784 1
577 769 593 784 .
644 714 767 785 Illa
783 741 985 798 manu
1001 719 1291 788 moriens
1310 718 1522 789 telum
1543 730 1565 761 ¹
1587 721 1793 790 trahit
1813 747 1997 792 :ossa
2016 722 2132 792 sed
2153 723 2326 792 inter

517 826 583 899 3.
638 825 860 896 Altius
894 826 980 895 ad
1011 829 1236 897 vivum
1257 829 1593 923 persedit*
1610 829 1884 901 vulnere
1901 856 2154 901 mucro.

427 990 442 1008 .
522 941 590 1022 4.
644 941 780 1006 Ter
801 961 942 1006 sese
968 935 1295 1008 adtollens
1317 939 1678 1034 cubitoque
1699 941 1929 1011 innixa
1952 939 2189 1009 levavit
2206 993 2226 1022 ‚

1412 1045 1685 1119 *manet
1705 1050 2192 1145 imperterritus
2242 1053 2344 1120 AE.
2385 1075 2470 1121 10

2325 379 2453 450 521

2256 835 2459 902 AE.11

518 1267 581 1340 3.
630 1269 774 1339 Nec
798 1293 1007 1357 mora,
1021 1293 1145 1340 nec
1165 1269 1911 1367 requies;*clavumque
1931 1268 2190 1340 adfixus
2239 1270 2341 1340 ΖΕ.
2426 1266 2468 1339 5

639 1490 984 1583 Nusquam
1014 1490 1361 1559 amittebat
1372 1544 1393 1578 ‚
1408 1488 1768 1584 oculosque
1785 1491 1912 1560 sub
1925 1506 2102 1560 astra
2120 1491 2410 1560 tenebat.

336 499 417 566 ΛΕ

337 611 439 677 AE.

340 720 419 787 AE

338 830 424 898 G.

341 941 419 1009 AE

637 1050 769 1117 Ter
781 1045 1078 1128 revoluta
1100 1062 1249 1118 toro
1264 1065 1363 1118 est
1381 1076 1396 1119 x

772 1156 905 1228 ille.

340 1271 437 1338 AE.

772 1392 839 1447 et
866 1377 1123 1448 haerens

340 1599 417 1667 AE

772 1734 1037 1779 recusso

338 1822 437 2004 ‚fuss

427 1651 443 1668 .
523 1595 593 1667 6.
646 1601 878 1693 Itque,
926 1599 1230 1694 reditque
1273 1602 1451 1670 viam
1498 1603 1743 1672 totiens
1765 1654 1785 1687 ‚
1828 1599 2201 1697 *uteroque
2251 1605 2350 1672 ΛΕ.
2429 1626 2469 1671 2

422 1873 436 1887 .
515 1841 585 1916 9.
635 1819 1341 1915 Transadigitcostas,*
1350 1835 1419 1890 et
1432 1822 1696 1916 pectine
1710 1819 1932 1914 pulsat
1944 1820 2224 1890 eburno.
2238 1822 2339 1889 ΖΕ.
2426 1816 2474 1888 6

522 1932 585 2005 5.
634 1937 913 2029 Jamque
934 1933 1071 2003 fere
1084 1936 1303 2028 spatio
1316 1950 1614 2004 extremo
1627 1988 1648 2022 ‚
1671 1933 1956 2029 fessique
1967 1937 1993 2022 ‚'
2007 1934 2130 2003 sub
2152 1935 2360 2028 ipsam

629 2043 862 2112 Finem
896 2042 1378 2114 adventabant:
1396 2042 1586 2112 *tum
1619 2045 1851 2115 creber
1871 2043 2202 2114 anhelitus
2253 2047 2351 2114 AE.
2429 2041 2472 2114 5

774 2169 959 2223 artus
975 2208 995 2242 ‚

644 2263 983 2359 Aridaque
1000 2288 1120 2333 ora
1132 2265 1353 2360 quatit
1374 2289 1389 2331 :
1408 2262 1612 2332 sudor
1631 2263 1782 2331 fluit
1794 2261 2093 2356 undique
2108 2261 2265 2329 rivis
2280 2287 2300 2348 ς

344 2375 441 2441 AE.
483 2396 506 2441 1
531 2396 589 2441 1.
640 2373 923 2442 Labitur
956 2375 1311 2471 exsanguis
1341 2398 1361 2459 ;
1389 2371 1423 2405 ²*
1453 2370 1743 2442 destillat
1765 2382 1794 2413 ²
1834 2372 1919 2440 ab
1958 2373 2230 2465 inguine
2258 2373 2376 2440 G.·
2432 2368 2476 2439 3

774 2483 978 2554 viruS.

282 2692 289 2702 ⁶
342 2708 446 2762 alio
472 2706 828 2778 detorquetur.
848 2702 1014 2759 Velut
1044 2706 1179 2760 illud
1214 2706 1359 2779 apud

342 2787 632 2841 Ausonium
654 2787 711 2839 in
732 2786 991 2867 Centone,
1011 2806 1170 2859 quem
1191 2798 1359 2839 totum

342 2886 407 2920 eo
456 2884 651 2939 genero
691 2864 913 2920 confecit
948 2885 964 2917 τ
1030 2892 1056 2911 α
1085 2866 1363 2938 Interquet

342 2947 560 2999 summis
590 2944 816 2999 adnixus
850 2944 1047 2998 viribus
1086 2945 1293 2997 hastam
1313 2972 1359 2996 ιι.

341 3026 477 3079 Nam
496 3043 662 3097 quum
688 3024 895 3096 legisset
915 3022 1057 3096 apud
1082 3022 1361 3096 Virgilium

342 3102 397 3157 id
441 3104 509 3159 de
552 3102 796 3157 Pandaro
825 3102 962 3170 dici,
1000 3102 1093 3173 qui
1118 3102 1360 3155 Turnum

342 3184 691 3256 oppugnabat
707 3223 722 3247 ,
764 3180 834 3235 ad
878 3200 1045 3253 nugas
1102 3179 1363 3254 nuptiales

342 3262 629 3315 transtulit.
667 3264 1037 3324 Rmcnnsms,
1076 3262 1222 3312 Lect.
1266 3261 1360 3313 lib.

344 3340 429 3404 Π,
471 3359 591 3414 cap.
626 3360 674 3394 a.
711 3372 780 3384 --
818 3346 1023 3392 Hastam
1054 3358 1269 3411 quoque
1305 3340 1363 3391 in

344 3418 630 3491 Priapeiis,
658 3420 825 3493 epigr.
850 3420 916 3486 45
945 3436 959 3471 :
1006 3419 1199 3472 «Velle
1233 3417 1366 3490 quid

344 3500 485 3552 hanc
516 3496 657 3551 dicas
677 3536 692 3562 ,
725 3499 969 3570 quamvis
1004 3498 1103 3551 sim
1136 3498 1367 3569 ligneus,

342 3576 545 3631 hastam
561 3578 586 3630 Ρ
601 3603 627 3624 ³·
646 3588 695 3630 et
715 3579 885 3650 epigr.
905 3581 989 3650 57.
1004 3578 1220 3631 Hastam
1240 3595 1368 3630 vero

344 3658 447 3710 hac
470 3658 523 3709 in
542 3676 601 3709 re
615 3674 801 3710 vocem
820 3677 933 3712 esse
950 3656 1198 3729 nequitia
1216 3655 1370 3710 docet

346 3736 553 3807 Menag.
580 3734 651 3790 ad
679 3735 899 3808 Diogen.
926 3739 1101 3790 Laert.
1130 3736 1223 3789 lib.
1245 3736 1328 3788 vl
1346 3772 1363 3801 ,

345 3834 461 3888 cap.
488 3814 571 3868 53.
598 3814 700 3867 En.

423 3912 473 3947 1.
518 3898 703 3947 Telum.
746 3892 861 3947 Hoc
888 3912 1043 3947 sensu
1070 3912 1284 3967 quoque
1309 3894 1365 3946 in

348 3972 597 4045 Priapeiis
643 3973 891 4025 usitatum
914 4014 931 4039 ‚
974 3986 1035 4026 ut
1085 3986 1137 4027 et
1184 3976 1365 4025 vulnus

348 4072 421 4105 vs.
448 4072 553 4125 seq.
588 4052 813 4106 Martini.
840 4052 920 4105 xl
944 4090 959 4117 ‚
989 4071 1087 4122 79:
1134 4078 1155 4100 ι
1173 4051 1365 4123 cupido

1446 2704 1598 2759 dabit
1634 2707 1720 2759 illa
1761 2707 1944 2760 marito
1979 2710 2118 2759 Dum
2153 2705 2339 2758 metuit
2375 2705 2464 2757 teli

1446 2786 1667 2839 vulnera
1699 2783 1868 2859 prima
1905 2787 2033 2838 novi
2050 2811 2092 2838 ι.
2122 2785 2208 2839 Sic
2229 2784 2284 2837 in
2311 2802 2478 2837 venu-

1450 2862 1679 2917 stissimo
1707 2864 1867 2937 epigr.
1892 2863 1960 2917 de
1985 2863 2246 2917 Arethusa
2263 2901 2278 2927 ‚
2309 2864 2474 2919 Anth.

1450 2954 1494 2995 t.
1515 2944 1571 3007 1,
1586 2962 1646 3015 p.
1664 2946 1766 3011 692
1782 2984 1798 3009 ,
1822 2942 2104 3015 legendum
2127 2954 2235 2996 est:
2266 2943 2475 3014 nlnque

1450 3020 1642 3075 modos
1669 3040 1852 3075 omnes
1875 3063 1892 3089 ‚
1939 3022 2132 3075 ductus
2162 3021 2364 3074 imitata
2401 3032 2478 3075 ta·

1448 3099 1602 3155 bellae
1618 3140 1633 3164 ‚
1663 3101 1921 3155 Transeat
1939 3142 1956 3167 ‚
1999 3114 2050 3154 et
2095 3101 2201 3155 telo
2245 3099 2472 3173 pendeat

1448 3180 1542 3235 illa
1587 3198 1708 3234 meo
1730 3206 1785 3247 ι,
1826 3180 1968 3254 quod
2008 3181 2359 3235 Ruhnkenius
2408 3198 2471 3233 ex

1450 3259 1793 3313 interioribus
1823 3261 1948 3312 artis
1980 3259 2248 3312 amatoria
2277 3271 2476 3331 myste-

1450 3339 1545 3394 riis
1583 3339 1812 3411 explicat
1848 3338 1916 3391 de
1947 3357 2170 3391 venerea
2211 3338 2478 3410 palaestra,

1452 3438 1614 3492 qnam
1633 3422 1894 3482 κιλητὶζειν
1921 3418 2105 3472 dicunt
2122 3418 2318 3483 Graci,
2339 3429 2392 3471 et
2408 3416 2479 3471 de

1453 3516 1562 3570 qua
1593 3496 1749 3550 ovid.
1778 3498 1891 3550 Art.
1924 3500 2044 3551 Am.
2071 3498 2156 3550 111
2175 3536 2191 3563 ,
2229 3516 2305 3551 vs.
2334 3514 2436 3569 777
2460 3516 2474 3549 :

1455 3578 1670 3631 -parva
1711 3576 1936 3631 vehatur
1970 3596 2138 3650 equ03
2186 3576 2331 3650 quod
2368 3587 2480 3629 erat

1456 3656 1776 3729 longissima,
1801 3674 2094 3728 numquam
2122 3656 2353 3709 Thebais
2377 3654 2483 3709 He·

1458 3748 1639 3790 ctoreo
1665 3748 1830 3803 nupta
1857 3734 2053 3789 resedit
2077 3756 2214 3809 equo
2235 3762 2275 3787 n.
2301 3736 2405 3788 En.

1527 3834 1572 3868 2.
1600 3818 1843 3867 Destillat.
1880 3814 1965 3867 Sic
1998 3816 2050 3867 in
2096 3812 2480 3867 emendatiori-

1452 3894 1553 3946 bus
1570 3892 1783 3965 Virgilii
1807 3892 1952 3947 libris
1971 3894 2218 3949 omnibns
2237 3892 2354 3946 hac
2375 3910 2478 3943 vox

1454 3972 1718 4025 scribitur.
1750 3971 1889 4025 Vide
1913 3972 1982 4026 ad
2004 3971 2152 4043 Vix-g.
2187 3982 2324 4023 nost.
2355 3966 2483 4021 edit.

1460 4065 1584 4104 tom.
1611 4054 1668 4117 1,
1697 4072 1748 4125 p.
1769 4050 1884 4117 465.
1913 4052 2016 4103 En.
