2964 4690
527 355 666 444 432

1095 355 1544 432 'AUSONH
1596 363 2065 436 GRIPHUS.

620 484 750 551 Ter
792 477 1006 549 tribus
1041 480 1126 549 ad
1166 481 1452 576 palmam
1484 483 1681 579 jussae
1716 501 1968 556 certare
2000 491 2345 572 Camenis,

621 596 794 676 Ore,
837 579 1076 676 manu,
1104 591 1305 660 flatu:
1342 592 1557 682 bux0,
1596 593 1761 683 fide,
1791 621 1951 666 voce
1992 613 2325 668 canentes.

621 704 783 790 Tres
809 701 1074 795 sophiae
1103 715 1357 794 partes:
1403 704 1531 773 tria
1558 705 1815 777 Punica
1840 705 2032 776 bella.
2050 709 2444 778 Trimestres

618 797 965 906 Annorum
1005 810 1280 906 caelique
1309 813 1520 884 vices:
1556 815 1905 909 noctisque
1946 840 2069 911 per
2110 819 2419 888 umbram
2602 843 2652 880 2⁵

619 923 1007 1022 Tergemini
1029 920 1276 1016 vigiles.
1297 927 1428 994 Ter
1455 923 1633 994 clara
1670 927 1977 996 instantis
2010 929 2132 997 Eoi

617 1035 823 1127 Signa
851 1023 1030 1102 canit
1051 1057 1247 1102 serus
1277 1031 1608 1128 deprenso
1634 1037 1855 1104 Marte
1882 1035 2163 1107 satelles,

619 1143 708 1212 Et
735 1140 852 1236 qui
887 1149 1251 1234 conceptus
1288 1141 1637 1237 triplicatae
1668 1169 1938 1238 vespere
1964 1147 2210 1232 noctis,

619 1255 810 1321 Jussa
849 1265 1085 1344 quater
1127 1251 1332 1320 ternis
1370 1251 1607 1323 adfixit
1647 1257 1872 1350 opima
1910 1259 2196 1351 tropoeis.

619 1367 706 1432 Et
749 1360 970 1455 Lyrici
1006 1373 1189 1430 vates
1232 1386 1514 1431 numero
1558 1380 1716 1434 sunt
1748 1366 2370 1454 Mnemonidarum‚

597 1549 681 1584 n.
732 1533 823 1581 Ter
869 1531 1074 1581 eribus...
1113 1531 1354 1582 Camenis.
1404 1530 1543 1583 Cum

520 1627 714 1664 novem
733 1607 901 1662 Musis
923 1607 1136 1661 Sirenas
1164 1606 1378 1672 dicunt,
1398 1626 1431 1660 a
1445 1609 1544 1662 Ju-

519 1706 660 1742 none
669 1686 941 1759 impulsas,
952 1697 1110 1740 cantu
1121 1687 1418 1756 certavisse,
1429 1687 1543 1740 Mu-

523 1785 735 1840 sasque,
763 1784 929 1838 quum
964 1765 1232 1827 vicissent,
1265 1765 1538 1820 sirenibus

522 1845 773 1902 evulsisse
795 1844 935 1913 alas,
957 1857 1009 1899 et
1021 1864 1088 1898 ex
1104 1844 1178 1898 eis
1196 1845 1300 1898 sibi
1313 1864 1539 1901 coronas

521 1926 722 1982 fecisse.
749 1927 948 1980 Auctor
975 1923 1263 1978 Pausanias
1293 1922 1350 1976 in
1371 1925 1534 1980 Boeot.

522 2007 605 2059 xl
618 2043 633 2068 ,
673 2007 742 2068 34
757 2045 774 2072 ‚
811 2018 865 2059 et
919 2004 1215 2074 Stephanus
1263 2003 1320 2056 in
1367 2005 1535 2058 verbo

524 2077 752 2159 Ᾰπτιρα.
777 2085 913 2138 Vm.

597 2171 681 2228 ²4·
727 2169 844 2215 Tres
881 2164 1072 2231 Sophia
1107 2176 1308 2229 parces,
1351 2179 1543 2234 nempe

523 2241 871 2314 Philosophia
907 2238 1123 2293 moralis
1141 2279 1158 2302 ,
1197 2239 1452 2294 naturalis
1492 2253 1544 2294 et

517 2313 792 2377 rationalis
816 2338 908 2374 seu
945 2318 1132 2389 logica.
1159 2319 1241 2373 De
1269 2336 1375 2391 qua
1401 2319 1541 2373 divi-

520 2402 716 2456 sioneV
721 2402 893 2455 inetus
905 2398 1194 2470 Diogenem
1206 2399 1378 2452 Laert.
1393 2400 1541 2463 citat,

522 2493 577 2536 et
591 2481 846 2535 Senecam
864 2479 920 2531 in
941 2478 1105 2549 Epist,
1127 2490 1181 2531 et
1195 2478 1541 2534 Plutarchum

519 2562 578 2616 in
607 2558 784 2613 Probi.
809 2557 1057 2631 Sympos.

593 2642 684 2694 25.
726 2640 1006 2690 maneum
1041 2642 1298 2689 Annonem
1331 2642 1539 2705 coelique

519 2724 678 2773 vices.
701 2719 944 2784 Quatuor
971 2716 1100 2769 anni
1119 2727 1290 2788 partes
1313 2716 1536 2789 singula

518 2800 690 2855 tribus
711 2796 979 2850 mensibus
997 2796 1356 2849 continentur.

592 2881 678 2932 26.
706 2876 984 2944 Tergemina·
1012 2876 1210 2943 vigiles.
1227 2874 1408 2939 Quum
1430 2874 1537 2927 sint

517 2970 746 3031 quatuor
788 2952 959 3007 noctis
991 2952 1182 3024 vigilia
1217 2953 1273 3006 in
1313 2952 1536 3023 singulis

514 3037 654 3092 terni
679 3034 858 3107 vigiles
894 3043 1040 3097 sunt,
1069 3044 1131 3084 ut
1173 3031 1536 3104 unusquisque

515 3136 614 3189 pro
657 3134 752 3169 sua
794 3112 926 3165 hora
962 3111 1222 3165 excubet:
1245 3122 1352 3164 tres
1391 3110 1536 3165 enim

516 3196 676 3250 horas
696 3194 860 3247 habet
877 3209 980 3243 una
1000 3188 1193 3261 vigilia.
1206 3189 1364 3243 Seu..

590 3292 675 3343 ²7·
694 3274 848 3340 Signa
859 3270 999 3321 canit
1007 3288 1144 3319 serus
1157 3272 1396 3337 deprenso
1405 3274 1543 3323 Mar.

515 3368 565 3405 ee
611 3355 824 3404 satelles.
872 3348 1059 3403 Gallus
1099 3348 1422 3420 gallinaceus
1455 3360 1537 3403 ter

515 3430 776 3485 matutino
819 3438 977 3481 cantu
1022 3425 1230 3498 signum
1267 3424 1360 3480 dat
1409 3427 1535 3481 solis

517 3506 871 3563 adventantis.
902 3506 1036 3560 Vid.
1062 3502 1299 3570 Plinius,
1331 3505 1423 3560 lib.
1451 3506 1503 3557 X
1520 3545 1537 3572 ,

516 3608 634 3661 cap.
674 3606 760 3640 αι.
789 3586 901 3651 Qui
931 3585 1062 3638 olim
1099 3585 1255 3639 Marti
1292 3584 1539 3639 addictus

501 3666 724 3723 ‘satelles
741 3664 842 3716 fuit
854 3699 870 3726 ‚
886 3676 1044 3736 atque
1061 3664 1130 3717 ab
1147 3664 1253 3717 hoc
1274 3664 1329 3717 in
1350 3682 1505 3717 avem
1520 3704 1539 3729 ,

516 3765 636 3821 quse
657 3741 794 3799 Solis
823 3754 1004 3795 ortum
1037 3742 1383 3813 pronuntiat,
1413 3762 1535 3795 mu-

517 3838 656 3879 tatus
679 3833 786 3882 est,
810 3820 956 3893 quod
983 3820 1272 3893 aliquando
1297 3841 1328 3875 a
1365 3823 1536 3875 Marte

515 3904 761 3959 excubias
773 3918 940 3971 ogere
968 3910 1090 3953 ante
1111 3900 1306 3955 ostium
1326 3899 1535 3973 jussus,

514 3984 658 4037 hanc
685 3980 968 4035 stationem
1003 3996 1100 4051 per
1119 3996 1370 4033 somnum
1387 3978 1537 4036 dese·

516 4062 700 4115 miscet
715 4101 732 4126 ,
755 4076 864 4132 quo
891 4058 1088 4111 factum
1104 4094 1120 4121 ,
1149 4069 1211 4110 ut
1235 4056 1326 4111 Sol
1349 4073 1532 4111 secure

2602 1393 2657 1432 3η

1632 1530 1959 1587 dormientes
1970 1535 2195 1586 Martem
2211 1545 2263 1586 et
2276 1535 2540 1588 Venerem
2566 1536 2655 1590 de·-

1630 1610 1997 1681 prehenderet.
2024 1613 2175 1666 Hanc
2212 1611 2447 1666 fabulam
2482 1615 2651 1669 inter·-

1628 1703 1805 1760 pretes
1828 1689 1935 1745 hu‘c
1958 1690 2221 1745 advocant
2240 1709 2271 1743 e
2286 1691 2515 1746 Luciani
2534 1692 2653 1748 dia-

1629 1767 1770 1840 logo,
1788 1770 1876 1822 cui
1898 1771 2084 1823 titulus
2096 1761 2288 1844 ὄνειρος
2300 1773 2333 1830 ἣ
2350 1775 2648 1845 ἀλεκτρυών.

1624 1846 1861 1918 Scaliger
1884 1849 2059 1902 minus
2084 1851 2221 1903 bene
2242 1851 2465 1903 Ausonii
2484 1853 2648 1907 verb·

1623 1923 1693 1979 de
1710 1925 1934 1982 diluculi
1948 1929 2328 2000 significatione
2345 1947 2378 1982 a
2390 1929 2651 1986 buccina-

1622 2016 1741 2058 tore
1776 2006 1833 2058 in
1862 2008 2045 2061 castris
2075 2009 2216 2061 facta
2248 2007 2652 2080 interpretatur,

1629 2095 1682 2137 et
1704 2097 1804 2156 pro
1827 2091 2065 2154 deprenso
2082 2092 2245 2139 Marte
2266 2105 2297 2140 e
2318 2090 2485 2142 veteri
2504 2089 2653 2144 eodi-

1628 2181 1691 2216 ce
1724 2164 1849 2235 legit
1883 2169 2209 2234 deprehenso,
2242 2165 2299 2219 h.
2324 2187 2353 2218 e
2382 2169 2649 2238 equaliter

1626 2241 1822 2314 partito
1842 2242 1895 2296 in
1922 2256 2151 2315 quatuor
2176 2243 2384 2316 vigiliis.
2471 2302 2487 2318 ,

1704 2337 1785 2389 29.
1812 2327 1961 2375 Iussa
1990 2337 2170 2392 quater
2184 2317 2356 2378 ternis.
2384 2323 2647 2395 Loquitur

1629 2399 1701 2455 de
1716 2402 1941 2456 Hercule
1952 2442 1967 2467 ‚
1985 2404 2041 2455 in
2062 2422 2171 2475 quo
2186 2401 2298 2456 duo
2316 2403 2523 2457 numeri
2540 2414 2649 2457 ter-

1626 2482 1763 2535 narii
1771 2480 2090 2537 documenta
2098 2481 2487 2547 animadvertit,
2498 2482 2647 2555 quod

1626 2559 1796 2613 tribus
1832 2562 2075 2615 noctibus
2100 2560 2399 2634 conjunctis
2424 2580 2647 2635 gencra-

1624 2650 1711 2691 tus
1746 2650 1853 2703 est,
1896 2652 1951 2694 et
1986 2640 2134 2713 quod
2166 2654 2249 2694 ter
2274 2654 2561 2712 quaternos
2596 2660 2643 2695 s.

1624 2716 1905 2772 duodecim
1950 2718 2159 2775 labores
2202 2720 2443 2773 confecit.
2492 2727 2645 2773 Iussa

1622 2800 1785 2864 opima
1818 2800 2007 2865 adfixit
2038 2814 2214 2867 quater
2247 2801 2399 2851 tomis
2424 2802 2646 2868 tropa-is,

1622 2873 1677 2927 h.
1721 2892 1769 2927 e.
1795 2873 2078 2931 duodecim
2104 2888 2303 2949 tropea
2326 2874 2394 2930 de
2420 2876 2643 2931 totidem

1623 2956 1830 3027 spoliis,
1873 2974 1994 3029 qua
2040 2958 2239 3010 referre
2276 2952 2457 3029 jussus
2499 2968 2613 3011 erat
2628 3006 2645 3029 ‚

1622 3032 1813 3101 erexit,
1837 3035 1921 3089 vel
1942 3034 2225 3091 duodecies
2247 3035 2395 3089 vicit.

1696 3112 1779 3166 30.
1806 3119 1873 3165 Et
1906 3117 2066 3180 Lpici
2088 3130 2249 3167 vates.
2278 3114 2485 3168 Novem
2518 3126 2647 3167 sunt

1625 3192 1804 3265 Lyrici
1824 3206 2021 3266 poetoe,
2045 3213 2154 3267 quo
2180 3194 2405 3247 numero
2438 3204 2491 3246 et
2514 3193 2641 3245 Mu·

1628 3288 1715 3323 σε.
1742 3270 1943 3343 Nempe
1971 3284 2092 3325 octo
2114 3272 2348 3345 Lyricis‚
2376 3269 2641 3333 Pindaro,

1622 3348 1905 3403 Simonide
1918 3388 1936 3415 ,
1958 3349 2261 3405 stesichoro
2277 3389 2295 3415 ‚
2330 3350 2519 3421 nayco,
2546 3350 2643 3403 Al·

1624 3429 1827 3493 emani,
1844 3428 2201 3501 Bacchylidae,
2239 3426 2561 3481 Anacreonti
2588 3439 2647 3481 et

1626 3506 1800 3561 Aleaeo
1820 3544 1852 3568 ,-
1874 3525 2021 3561 nona
2058 3518 2368 3563 accensetur
2408 3506 2645 3577 Sappho.

1625 3584 1753 3639 Vid.
1780 3587 1981 3639 Auson.
2021 3585 2187 3656 epigr.
2230 3587 2315 3639 32.
2360 3589 2645 3649 Mnemosy-

1624 3683 1801 3717 numm
1828 3664 2019 3736 legitur
2040 3666 2230 3735 vulgo;
2250 3662 2500 3717 Heinsius
2514 3682 2647 3717 vero

1618 3743 1823 3813 reponit
1849 3746 2295 3809 Mammidarum,
2312 3741 2439 3813 quia
2460 3740 2648 3795 Musu-
2670 3738 2675 3743 ’

1620 3838 1741 3873 rum
1762 3833 1841 3875 est
1867 3821 2194 3887 meminisse,
2220 3839 2309 3874 eas
2340 3838 2468 3873 vero
2484 3820 2643 3873 Mne·
2668 3872 2678 3879 ‚

1622 3918 1843 3972 mosyne
1863 3900 2126 3973 peperisse
2142 3900 2175 3951 J
2177 3897 2264 3952 ovi
2286 3898 2499 3951 dieitur.
2520 3898 2647 3951 Vid.

1621 3978 1828 4033 Phedr.
1851 3980 1945 4033 lib.
1968 3980 2083 4043 111,
2122 3978 2263 4033 Ptol.
2294 3997 2345 4031 v.
2372 3977 2463 4041 18,
2490 3986 2543 4031 et
2568 3977 2647 4029 ibi

1620 4056 1885 4111 adnotata.
