2964 4690
704 404 841 471 AD
890 402 1375 472 SYMPOSH
1424 403 1998 472 AENlGMATA.
2281 402 2418 475 323

292 534 469 599 tione
489 531 573 597 ad
597 532 883 620 primum
910 533 1216 622 oenigma,
1248 533 1317 595 in
1340 554 1476 619 quo
1501 532 1792 620 plerique
1819 534 1988 597 tituli
2008 536 2422 623 aenigmatum

293 639 375 703 de
400 638 721 703 industria
738 638 1066 703 obscurati
1092 655 1308 718 erant,
1330 654 1396 701 et
1423 636 1688 725 quidem
1715 638 2066 703 omissione
2095 623 2434 706 literarum

291 742 611 807 voe-lium
630 790 649 823 ,
673 764 952 830 quarum
973 742 1119 806 loco
1141 764 1441 807 consonae
1463 743 1747 832 singulas
1769 744 2064 830 proxime
2084 764 2426 833 sequentes

294 863 479 913 erant
500 849 747 937 positae.
772 849 877 912 Sic
896 848 1091 936 primi
1112 849 1467 937 aenigmatis
1491 849 1682 913 titulo
1711 848 2090 937 Grbphkxm
2111 853 2434 941 scriptum,

294 970 427 1017 erat
462 974 589 1041 pro
634 952 991 1042 Graphium
1004 1000 1025 1033 ,
1074 952 1345 1019 secundi
1394 954 1672 1043 Brxndp
1722 978 1843 1043 pro
1891 956 2164 1021 Arundo
2182 1006 2203 1037 ,
2257 960 2430 1022 tertii

294 1060 563 1125 anlaes
591 1082 745 1123 cxm
770 1058 1057 1149 gfinmb,
1092 1060 1135 1124 i.
1168 1082 1225 1125 e.
1259 1058 1512 1125 Anulus
1538 1082 1682 1124 cum
1697 1083 1952 1147 gemma
1978 1062 2270 1151 (1).Non
2303 1086 2432 1129 ma-

296 1167 387 1256 gis
412 1164 759 1231 confirmat
776 1166 1164 1231 sententiam
1188 1188 1371 1229 suam
1398 1167 1828 1231 Heumannus
1850 1190 1962 1249 ec,
1989 1168 2170 1255 quod
2197 1169 2428 1236 titulos

296 1271 654 1335 nonnullos
688 1270 777 1334 ait
811 1271 1067 1360 ineptos
1098 1286 1163 1335 et
1190 1272 1514 1360 aenigmati
1551 1293 1685 1334 non
1725 1271 2191 1359 respondentes
2211 1322 2228 1356 ,
2271 1276 2429 1339 alios
2501 1280 2508 1291 '

296 1376 485 1465 plane
516 1376 713 1440 falsos
732 1422 754 1456 ,
800 1390 868 1439 et
900 1375 1223 1441 infelicem
1260 1376 1700 1455 conjectorem
1736 1376 2104 1465 prodentes.
2152 1378 2434 1461 Quando
2485 1374 2490 1389 '

298 1483 587 1570 primum
627 1484 901 1572 aenigma
932 1482 1309 1547 inscn'bitur
1352 1482 1700 1571 Graphium
1737 1499 1974 1547 neutro
2003 1505 2238 1571 genere
2257 1534 2276 1567 ,
2317 1488 2437 1549 etsi

302 1588 513 1675 ipsum
548 1588 821 1676 aenigma
859 1586 1151 1651 ordiatur
1190 1588 1258 1651 in
1295 1609 1534 1676 genere
1561 1588 1882 1651 masculo:
1913 1588 2006 1651 De
2027 1610 2266 1652 summo
2279 1589 2448 1677 pla-¹

301 1714 447 1773 nus,
492 1691 797 1780 equidem
827 1708 993 1779 puto
1007 1739 1027 1772 ,
1056 1714 1341 1757 errorem
1368 1692 1548 1756 hunc
1575 1692 1806 1755 mutati
1835 1694 2087 1781 generis
2121 1715 2305 1782 aeque
2331 1718 2436 1759 ac·-

304 1796 513 1861 cidere
532 1844 551 1873 ,
592 1797 797 1861 immo
824 1797 1056 1885 magis,
1090 1796 1381 1885 potuisse
1420 1795 1704 1876 auctori,
1732 1810 1928 1883 atque
1953 1796 2058 1859 alii
2084 1800 2438 1886 aenigmatis

305 1902 547 1967 lectori.
590 1904 837 1967 Auctor
870 1902 1111 1966 oblitus
1152 1902 1319 1967 forte
1335 1948 1353 1983 ,
1390 1899 1568 1990 quod
1595 1902 1934 1989 graphium
1961 1920 2264 1989 posuerat
2277 1954 2296 1985 ,
2325 1906 2438 1969 sed

306 2006 533 2094 stylum
571 2023 799 2071 mente
836 2023 1067 2073 tenens
1085 2054 1104 2087 ,
1142 2022 1475 2095 tamquam
1503 2004 1586 2069 de
1611 2005 1779 2093 stylo
1813 2004 2231 2093 loquebatur,
2269 2010 2436 2073 tituli

306 2114 709 2195 incuriosus3
747 2112 864 2177 sed
892 2112 1093 2191 alius,
1132 2111 1243 2200 qui
1271 2110 1337 2175 in
1370 2110 1658 2175 masculo
1683 2132 1918 2199 genere
1951 2111 2130 2198 loqui
2167 2114 2436 2202 aenigma

308 2218 547 2308 legerat
566 2266 585 2301 ,
620 2219 884 2283 titulum
920 2219 1253 2306 positurus
1280 2240 1343 2281 m
1352 2218 1502 2280 inus
1533 2232 1786 2305 poterat
1817 2216 1900 2280 de
1931 2217 2244 2280 vocabulo
2274 2240 2438 2283 neu·

308 2324 465 2389 trius
516 2326 771 2414 generis
818 2324 1122 2414 cogitare.
1170 2322 1397 2411 Neque
1442 2338 1606 2411 puto
1627 2371 1645 2403 ,
1692 2322 1861 2386 hanc
1903 2328 2180 2400 μιτοὶὃασιν
2215 2333 2282 2395 ιίς
2324 2334 2440 2386 mo

307 2443 439 2509 γένος
462 2431 651 2518 plane
674 2430 997 2494 insolitam
1024 2451 1161 2494 esse
1192 2429 1384 2492 bonis
1406 2428 1829 2517 scriptoribus
1845 2475 1864 2510 ,
1885 2443 1962 2491 ut
1991 2428 2154 2491 alius
2185 2430 2439 2516 generis

310 2537 697 2602 vocabulum
722 2554 941 2600 mente
969 2551 1231 2600 teneant
1246 2581 1265 2616 ,
1291 2534 1466 2598 aliud
1489 2534 1870 2621 exprimant.
1887 2535 1970 2596 Et
1989 2533 2440 2614 Heumannus,

308 2641 487 2730 quod
522 2643 593 2706 in
634 2642 827 2706 titulo
856 2641 1127 2730 Graphii
1148 2637 1594 2729 reprehendit,
1639 2639 1707 2700 in
1747 2637 1872 2700 alio
1913 2639 2048 2725 ipse
2085 2639 2431 2703 commisit.

311 2748 475 2812 Nam
510 2764 587 2812 ut
622 2747 845 2810 titulos
880 2747 1129 2833 aliquot
1166 2745 1355 2832 plane
1398 2743 1590 2807 falsos
1627 2763 1767 2805 esse
1798 2740 2133 2822 ostendat,
2164 2743 2436 2830 aenigma

312 2853 451 2916 LVI
482 2852 553 2916 in
589 2851 863 2940 vulgatis
894 2872 1233 2938 perperam
1266 2847 1526 2912 inscribi
1557 2845 1822 2932 Caliga,
1856 2845 2126 2930 ejusque
2158 2845 2306 2908 loco
2334 2845 2444 2908 Li-

314 2981 461 3022 mam
492 2957 947 3044 reponendum
980 2971 1233 3034 censet,
1268 2954 1415 3018 licet
1449 2953 1514 3014 in
1560 2952 1702 3039 ipso
1741 2950 2078 3038 aenigmate
2111 2971 2212 3012 res
2245 2950 2442 3038 signi-

316 3061 497 3128 ficata
547 3084 683 3126 non
736 3077 971 3126 neutro
1022 3081 1294 3148 genere,
1349 3057 1463 3122 sed
1518 3057 1834 3120 feminino
1881 3053 2207 3119 efferatur.
2255 3053 2448 3118 Unde

317 3169 563 3232 Glariss.
613 3166 1044 3254 Heynatzius,
1102 3163 1335 3243 rejecta
1372 3161 1741 3226 Heumanni
1784 3159 2124 3247 opinione,
2162 3175 2444 3224 veterem

318 3273 804 3360 inscriptionem
840 3271 1179 3335 revocavit.
1214 3269 1556 3355 Per-peram
1595 3265 1876 3353 denique
1909 3266 2336 3348 Hepumannus
2363 3267 2446 3328 ti-

320 3381 527 3444 tulum
550 3377 905 3467 aenigmatis
928 3376 1134 3440 XLVI
1160 3373 1391 3438 Liliam
1416 3373 1588 3436 inter
1617 3370 1808 3434 falsos
1836 3371 2052 3433 refert.
2077 3369 2242 3434 Nam
2273 3393 2446 3434 mera

323 3501 415 3548 est
442 3483 711 3548 variatio
754 3484 927 3562 ejuS,
962 3481 1077 3569 qui
1111 3479 1247 3545 aliis
1280 3479 1347 3542 in
1380 3475 1776 3542 editionibus
1825 3489 2032 3538 exstat
2073 3490 2138 3538 et
2181 3476 2262 3538 ab
2306 3476 2448 3562 ipso

325 3593 717 3656 Heumanno
765 3589 1119 3678 probatur,
1156 3587 1383 3667 Viola,
1424 3607 1546 3673 pro
1593 3605 1718 3671 qua
1761 3583 1874 3668 qui
1921 3582 2148 3646 melius
2183 3582 2452 3670 putabat

326 3697 553 3762 Lilium
592 3695 897 3775 inscribi,
924 3697 1199 3780 ⁴fortasse
1246 3715 1380 3756 non
1426 3690 1632 3770 majus
1679 3687 1838 3751 illud
1879 3703 1944 3751 et
1984 3709 2328 3775 procerum
2377 3688 2452 3750 li-

328 3803 483 3866 lium
534 3803 881 3866 hortorum
936 3798 1330 3888 intelligebat
1352 3843 1371 3878 ,
1425 3795 1541 3860 sed
1597 3794 1802 3858 lilium
1857 3793 2266 3857 convallium.
2328 3792 2452 3856 Sed

398 4037 475 4102 (ι)
506 4035 593 4088 sic
626 4036 937 4090 obscuratos
970 4033 1147 4088 titulos
1175 4041 1541 4103 expresserunt
1571 4023 1727 4082 etiam
1761 4025 1816 4080 in
1849 4027 2076 4080 editione
2104 4045 2196 4079 sua
2225 4025 2456 4078 Castalio

332 4135 385 4176 et
410 4124 687 4178 umus.

2051 4228 2161 4273 21.
