2964 4690
461 339 548 410 52

1181 333 1842 400 COLUMELLA

553 459 832 530 Sedulus
871 461 1162 525 irrorans
1194 453 1414 540 olitor‚
1443 453 1747 546 ferroque
1786 453 2041 520 bicorni

555 575 818 656 Pectat,
855 582 921 635 et
960 579 1312 659 augentem
1353 562 1551 634 sulcis
1588 564 1981 632 exterminet
2019 562 2315 631 herbam.

557 686 645 750 At
675 681 730 748 si
765 678 1056 746 dumosis
1092 675 1289 768 positi
1328 688 1485 742 sunt
1517 673 1797 742 collibus
1834 674 2041 756 horti,
2506 702 2579 739 150
2630 721 2643 732 .

553 792 694 857 Nec
740 811 997 856 summo
1033 783 1321 851 nemoris
1357 782 1675 852 labuntur
1712 783 1954 851 vertice
1999 782 2157 866 rivi,

553 901 813 993 Aggere
849 895 1202 990 praeposito
1233 890 1584 960 cumulatis
1612 917 1763 961 area
1798 891 2003 985 glebis

550 1011 889 1091 Emineat‚
930 1006 1103 1072 sicco
1137 1017 1214 1070 ut
1251 1016 1637 1071 consuescat
1675 1000 1943 1096 pulvere
1980 999 2243 1093 planta,

551 1121 694 1190 Nec
734 1129 986 1186 mutata
1033 1114 1180 1182 loco
1221 1113 1428 1180 siccos
1463 1111 1814 1181 exhorreat
1846 1124 2063 1178 aestus.

554 1234 718 1299 Mox
755 1227 870 1294 ubi
909 1224 1262 1316 nubigenae
1295 1222 1577 1314 Phryxi,
1614 1246 1735 1290 nec
1770 1221 2053 1314 portitor
2080 1216 2340 1300 Helles,
2380 1268 2390 1279 .
2512 1240 2580 1278 1⁵5

539 1455 558 1487 1
571 1435 654 1500 48.
676 1437 912 1483 [nt-orans
935 1431 1112 1480 holitor
1130 1419 1251 1478 cod'.
1271 1423 1476 1480 Demid.

541 1535 558 1566 1
571 1521 656 1579 49.
675 1518 810 1563 Petat
821 1509 882 1561 L.
897 1540 964 1549 —-
981 1505 1296 1558 Pectat.Vid.
1309 1523 1360 1556 v.
1377 1509 1444 1572 94
1463 1521 1478 1554 :

461 1621 485 1640 ‹-
503 1592 698 1646 Pectita
719 1589 874 1642 tellus
889 1613 933 1638 ιο.
947 1617 1014 1627 —-
1029 1591 1248 1654 Angent.
1263 1605 1304 1636 s.
1317 1595 1481 1634 exter-

465 1677 611 1726 minet
641 1673 855 1722 herbam.
897 1667 1097 1718 Herbas
1131 1663 1484 1716 'adnaseentes

463 1749 692 1805 eradicet
705 1789 721 1814 ‚
737 1765 854 1818 qum
872 1744 1064 1818 plantis
1083 1741 1329 1794 officiunt
1346 1781 1361 1806 ,
1384 1740 1480 1792 eis·

463 1848 568 1900 que
595 1845 776 1881 succos
796 1824 1095 1878 detrahunt.
1119 1821 1269 1890 Virg.
1291 1818 1485 1888 Georg.

465 1911 515 1971 1,
543 1911 612 1976 69
633 1925 647 1960 t
680 1931 702 1953 α
721 1903 980 1958 Officiant
1003 1902 1133 1952 latis
1159 1916 1226 1949 ne
1247 1897 1487 1968 frugibus

465 1988 646 2041 herbae
676 2009 697 2031 ι
712 2025 725 2037 .
775 1983 906 2048 Quae
961 1979 1048 2031 hic
1105 1994 1288 2042 angere
1305 2013 1322 2034 ,
1373 1974 1487 2027 aliis

469 2069 784 2134 strangulare
820 2059 1046 2119 dicitur,
1079 2069 1141 2107 ut
1169 2052 1484 2117 Quintilian.

471 2147 693 2199 Prooem.
715 2140 784 2194 ad
809 2136 1062 2195 lib.vn1,
1081 2134 1110 2200 §
1131 2133 1195 2184 23
1223 2150 1234 2181 :
1277 2132 1488 2184 «laetum

471 2221 691 2296 gramen
717 2229 827 2271 sata
845 2211 1138 2283 strangulat
1161 2237 1204 2260 „,

550 2301 666 2356 150.
693 2298 828 2349 Ausi
849 2295 894 2345 J.
919 2291 976 2343 B.
1003 2292 1065 2342 R..

551 2382 670 2435 151.
697 2379 880 2431 cortice
897 2374 988 2423 rivi
1009 2370 1104 2421 Sa.

555 2478 576 2513 1
588 2460 671 2511 52.
689 2462 888 2524 Aggere
897 2450 1180 2519 pra-posito.
1200 2450 1388 2513 Agger,
1407 2444 1494 2497 do-

476 2551 626 2595 cente
651 2537 888 2589 Gesnero
915 2532 971 2582 h.
991 2528 1028 2578 l.
1055 2538 1132 2579 est
1159 2536 1364 2597 aggesta
1395 2523 1494 2575 hu-

477 2636 598 2671 mus
613 2656 628 2675 ,
673 2626 732 2667 ut
782 2611 944 2664 verbo
991 2603 1276 2678 aggei-andi
1325 2602 1495 2654 utitur

481 2708 866 2763 nonnunquam
895 2682 1202 2742 Columella.
1239 2683 1344 2734 Pro
1357 2700 1495 2749 prce-

476 2778 632 2846 posr'to
659 2771 796 2824 idem
830 2768 940 2820 vult
978 2767 1185 2832 reposito
1219 2763 1238 2829 (
1263 2779 1371 2811 non
1399 2759 1495 2811 ob·

483 2868 650 2908 stante
660 2850 862 2925 syllaba
885 2868 957 2909 re,
973 2862 1091 2916 quae
1113 2844 1167 2895 in
1195 2840 1498 2912 compositis

482 2932 706 3006 produci
720 2928 906 3002 possit)
931 2939 984 2979 et
1011 2940 1242 2991 reponere
1271 2918 1359 2971 hic
1375 2936 1499 2973 eum

484 3011 808 3065 intellectum
829 3005 1024 3056 habere
1059 3019 1218 3071 quem
1246 3016 1463 3066 regerere
1477 3018 1499 3057 ,-

487 3084 564 3136 ita
573 3094 630 3134 ut
641 3098 803 3149 agger
815 3077 1049 3143 repositus
1067 3072 1132 3123 sit
1142 3111 1157 3136 ,
1170 3070 1262 3141 qui
1275 3070 1332 3120 fit
1347 3068 1501 3121 altius

487 3169 693 3231 regesta
709 3157 874 3208 humo
892 3193 907 3218 ,
941 3150 1087 3221 quod
1106 3149 1233 3201 locis
1254 3146 1404 3201 siccis
1423 3147 1503 3199 fa-

490 3235 736 3291 ciendum
752 3250 864 3286 esse
877 3230 1154 3303 precipiat
1171 3228 1384 3288 Noster,
1397 3225 1501 3287 xi,

494 3320 544 3381 3,
565 3336 647 3371 ιο.
661 3316 777 3385 Ego
795 3310 1009 3383 quidem
1023 3306 1503 3380 interpretationem

491 3398 657 3469 ipsam
683 3391 901 3446 Gesneri
915 3390 1082 3462 probo
1098 3428 1114 3454 ,
1137 3388 1310 3439 minus
1324 3397 1509 3437 tamen

493 3473 842 3531 necessarium
869 3488 982 3523 esse
1013 3482 1145 3541 puto
1182 3466 1384 3535 reposito
1415 3462 1509 3516 ad-

497 3572 704 3609 sumere
737 3570 836 3623 pro
871 3552 1134 3619 proeposito
1155 3587 1170 3611 ‚
1209 3558 1367 3615 atque
1401 3542 1507 3595 hoe

497 3635 729 3709 positum
755 3649 869 3684 esse
895 3628 1135 3682 existimo
1154 3662 1169 3687 ,
1189 3640 1508 3695 propr-aemu-

499 3717 602 3767 nico
615 3715 698 3766 vel
711 3714 958 3781 pra-ducto
981 3703 1264 3778 (siquidem
1281 3714 1332 3755 et
1349 3720 1510 3771 agger

497 3798 775 3862 proeduetus
802 3788 1022 3850 AvienO,
1048 3786 1113 3836 D.
1147 3784 1210 3835 Ο.
1233 3800 1280 3835 v.
1305 3784 1431 3843 616,
1458 3790 1511 3832 et

501 3874 628 3927 alias
651 3888 808 3939 agger
831 3868 1038 3917 munitus
1067 3860 1296 3928 dicitur)
1327 3856 1509 3912 adver-

503 3970 592 4007 sus
636 3947 850 4002 nimiam
901 3942 1187 3996 siccitatem
1201 3978 1218 4004 ,
1257 3938 1507 4011 quoniam

499 4030 693 4083 humus
719 4024 871 4077 altius
899 4030 1068 4091 egesta
1099 4020 1301 4090 plantas
1339 4014 1511 4069 munit

1570 1435 1621 1476 et
1659 1422 1823 1492 magis
1856 1409 2090 1473 defendit
2130 1419 2197 1470 ab
2224 1429 2351 1470 aestu
2370 1454 2385 1479 ,
2423 1434 2585 1486 quam

1570 1501 1867 1572 depressior
1898 1509 1950 1552 et
1986 1497 2175 1550 rarior.
2212 1497 2322 1548 Nec
2364 1497 2589 1548 verbum

1572 1599 1801 1648 reponem
1823 1578 2000 1631 adhuc
2018 1579 2156 1630 inter
2181 1593 2242 1628 ea
2268 1593 2381 1626 esse
2402 1574 2593 1646 reperi,

1572 1677 1687 1730 quae
1734 1657 1993 1730 syllabam
2039 1677 2091 1708 re
2134 1653 2447 1726 productam
2488 1653 2586 1704 ha·
2632 1661 2638 1668 '

1570 1739 1744 1790 beant.

1649 1835 1673 1869 1
1681 1816 1764 1868 53.
1774 1817 1997 1866 Sinineae
2007 1815 2072 1866 L.
2088 1826 2372 1878 consuescet
2382 1809 2567 1882 Gryph
2576 1849 2588 1862 .

1650 1897 1763 1958 154.
1803 1899 1880 1945 Ne
1914 1895 1963 1946 J.
1992 1893 2048 1944 B.
2074 1895 2134 1944 R.
2166 1921 2235 1932 —
2255 1895 2359 1942 Nec
2399 1903 2589 1940 mutata

1576 1979 1699 2026 Ioco.
1728 1973 1814 2026 Sic
1836 1974 2088 2044 Calpurn.
2112 1973 2196 2037 ΙΙ,
2234 1971 2295 2024 51
2319 1989 2332 2022 :
2363 1996 2387 2015 α
2408 1987 2591 2022 succos

1574 2069 1643 2103 ne
1682 2052 1817 2104 forte
1853 2051 2052 2123 priores
2087 2049 2364 2120 Languida
2388 2059 2589 2100 mutata

1576 2143 1813 2201 quaerant
1849 2129 2105 2201 plantaria
2146 2139 2286 2180 terra
2304 2150 2326 2174 ι
2340 2167 2353 2179 .
2396 2126 2590 2196 Virgifl.

1576 2211 1770 2280 Georg.
1791 2211 1868 2272 11,
1886 2211 2015 2261 268:
2036 2233 2060 2254 ‹-
2078 2207 2331 2260 Mutatam
2346 2206 2594 2277 ignorent

1579 2290 1754 2341 subito
1768 2308 1838 2342 ne
1854 2289 2055 2341 semina
2071 2287 2593 2339 manm-.—Sitiens

1582 2372 1846 2421 exhorreat
1869 2368 1930 2419 L.
1956 2368 2041 2421 Sa.
2062 2370 2127 2420 D.
2158 2380 2275 2417 oestu
2300 2364 2386 2417 Sa.

1656 2446 1773 2499 155.
1814 2448 2073 2515 Nubiginoe
2100 2444 2243 2497 Junt.
2274 2462 2370 2510 quo
2384 2443 2597 2510 portitor

1581 2524 1665 2579 Sa.
1686 2542 1732 2580 et
1745 2529 1954 2595 portitor
1978 2524 2059 2577 vir
2079 2524 2223 2577 doct.
2251 2554 2320 2563 —
2350 2524 2439 2571 Ubi
2459 2524 2597 2571 nubi-

1577 2626 1724 2675 gena·
1742 2606 1941 2671 Phryxi.
1956 2606 2223 2673 Nubigenae
2235 2600 2598 2670 interpretare,

1584 2702 1691 2738 non
1704 2723 1720 2750 ,
1736 2684 1891 2752 geniti
1910 2702 1974 2736 ex
1990 2683 2154 2745 nube,
2176 2678 2269 2733 sed
2285 2699 2347 2733 ex
2368 2680 2600 2747 Νεφέλης,

1582 2768 1786 2833 (matre
1809 2762 2086 2834 Nephele)
2121 2777 2237 2833 qum
2264 2757 2425 2811 latine
2452 2769 2601 2810 sonat

1582 2844 1794 2896 nubem.
1806 2842 1887 2893 Ex
1906 2840 2198 2912 significatu
2211 2838 2455 2892 dictionis
2462 2836 2602 2888 Gra·-

1585 2942 1658 2976 eoe
1675 2942 1779 2975 vox
1806 2919 1965 2973 latina
1986 2918 2294 2990 composita.
2316 2916 2453 2968 Hinc
2478 2914 2599 2967 ovi-

1585 3001 1707 3053 dius
1734 3004 1893 3053 Helles
1921 3000 2240 3067 Nepheleidos
2268 2995 2413 3048 dixit.
2433 2994 2597 3044 Atha-

1586 3098 1698 3133 mas
1744 3079 1881 3131 filins
1933 3076 2073 3130 AEoli
2089 3115 2104 3140 ,
2148 3074 2309 3127 frater
2348 3070 2561 3123 Crethei
2582 3110 2599 3134 ,

1588 3160 1769 3229 genuit
1800 3156 2071 3227 Phryxum
2096 3163 2145 3205 et
2173 3150 2382 3211 Hellen,
2412 3167 2472 3202 ex
2490 3148 2601 3199 Ne-

1588 3239 1743 3311 phele
1768 3254 1949 3289 uxore.
1964 3234 2111 3285 Pws.
2128 3230 2275 3281 ——111
2294 3226 2601 3281 scholastici

1590 3314 1895 3370 Maximiani
1924 3310 2160 3364 versibus
2188 3308 2254 3361 de
2274 3307 2434 3377 signis
2457 3307 2602 3359 caele-

1591 3397 1780 3456 stibus,
1794 3392 2002 3443 Anthol.
2020 3392 2135 3443 Lat.
2152 3389 2307 3441 Tom.
2330 3387 2467 3458 11,p.
2483 3386 2512 3440 3
2524 3386 2605 3449 15,

1594 3473 1803 3526 dicitur:
1820 3469 2134 3539 «Nubigenae
2148 3464 2360 3533 iuvenis
2373 3476 2575 3518 vector·
2592 3502 2604 3514 .

1595 3556 1769 3605 —Nee
1771 3551 1977 3619 portitor·
1983 3546 2270 3614 Helles,h.e.
2279 3544 2475 3617 Phryxi
2490 3562 2607 3614 por-

1590 3632 1741 3693 titor,
1758 3640 1807 3680 et
1821 3646 1929 3680 non
1948 3627 2170 3699 portitor
2181 3623 2379 3688 Helles,
2391 3640 2605 3694 quomo-

1596 3710 1667 3763 do
1682 3708 1903 3777 explicat
1914 3705 2146 3760 Gronov.
2158 3704 2383 3757 Observ.
2396 3702 2500 3767 111,
2518 3718 2605 3766 ao,

1596 3808 1647 3860 p.
1673 3791 1795 3857 467,
1814 3798 1867 3838 et
1881 3784 2178 3838 distinctius
2197 3782 2464 3852 eloquitur
2476 3782 2605 3833 Caes.

1596 3865 1940 3920 Germanicus
1960 3902 1976 3927 ,
1998 3864 2139 3916 Arat.
2168 3882 2219 3916 v.
2241 3861 2375 3915 530:
2406 3884 2427 3906 α
2445 3858 2609 3910 Nobi-

1594 3946 1657 3997 lis
1686 3943 1775 3996 hie
1804 3942 1967 4003 Aries,
1996 3954 2183 3994 aurato
2203 3938 2398 3992 vellere
2437 3953 2608 4006 quon·

1599 4022 1717 4076 dam
1750 4022 1855 4087 Qui
1870 4021 1993 4074 tulit
2014 4023 2071 4074 in
2096 4021 2301 4073 Tauros
2319 4015 2611 4086 Phryxum,
