2964 4690
506 354 649 439 304
1246 349 1890 421 PROOEMIUM

502 482 784 562 habent,
816 478 931 568 qui
964 477 1201 566 probra
1236 475 1537 541 meditate
1567 476 1907 543 effundant
1935 510 1978 541 ο.
2009 478 2146 545 Nec
2171 480 2369 565 alius,
2401 484 2644 565 credo,

502 604 603 653 est
630 588 712 650 de
745 584 1027 649 Gadibus
1060 583 1371 671 improbus
1408 585 1729 671 magister,
1779 584 1963 665 cujus
2011 586 2414 652 mentionem
2457 589 2644 653 Mar-

500 695 666 761 tialis
702 692 932 758 eodem
967 690 1251 755 oermine
1270 738 1289 771 ,
1323 712 1457 779 quo
1489 691 1687 755 Sextii
1719 692 1960 755 Caballi
1979 741 1998 768 ‚
2025 690 2197 757 facit.
2239 689 2408 760 Nam
2433 719 2473 759 e
2503 696 2639 763 Ga-

500 802 691 867 dibus
724 799 1000 863 maxime
1029 796 1100 859 hi
1132 812 1199 859 et
1227 797 1412 884 pueri
1440 819 1744 886 prooeces
1761 844 1780 878 ,
1821 813 1887 862 et
1919 820 2146 861 eorum
2187 801 2474 889 magistri
2515 826 2637 890 pe-

499 906 822 972 tebantur.
869 904 1015 969 Mos
1051 917 1353 990 praeterea
1394 903 1620 966 Romae
1666 902 2110 969 Saturnalibus
2147 922 2282 971 erat
2303 952 2322 987 ,
2371 922 2448 970 ut.
2489 930 2635 973 mr-

500 1016 677 1077 mina
710 1008 1019 1092 jocularia
1052 1023 1119 1071 et
1146 1006 1346 1071 libelli
1382 1008 1822 1095 nequitiarum
1853 1008 2028 1097 pleni
2064 1010 2340 1078 invicem
2371 1016 2636 1079 muneri

498 1120 909 1183 mitterentur
928 1162 947 1195 ,
992 1110 1075 1177 ad
1101 1110 1449 1194 juvandam
1484 1112 1622 1192 ejus
1662 1115 1976 1202 temporis
2017 1114 2400 1182 hilaritatem
2437 1136 2506 1185 et
2547 1121 2634 1184 li·

498 1224 794 1290 centiam.
847 1221 1069 1284 Testes
1112 1233 1269 1281 sunt
1306 1219 1596 1283 Catullus
1615 1265 1636 1300 ,
1687 1220 1900 1284 Carm.
1952 1221 2130 1299 XIV,
2178 1245 2272 1288 vs.
2321 1246 2401 1289 12
2445 1248 2632 1315 seqq.

496 1346 563 1395 et
592 1325 939 1408 Martialis,
984 1324 1099 1389 lib.
1138 1323 1219 1404 V,
1256 1325 1456 1413 epigr.
1501 1322 1617 1405 18,
1658 1346 1753 1389 vs.
1789 1328 1866 1408 4,
1909 1340 1978 1389 et
2010 1327 2212 1416 epigr.
2257 1328 2378 1411 30,
2422 1352 2518 1397 vs.
2565 1332 2632 1397 5.

476 1434 631 1521 'Qui
662 1434 861 1521 igitur
886 1430 1048 1511 jocis
1080 1444 1145 1493 et
1171 1427 1454 1493 dicteriis
1480 1428 1644 1495 adeo
1681 1429 2169 1496 delectabantur
2197 1436 2516 1519 Romani,
2553 1454 2630 1501 ut

496 1540 1017 1628 quibuscumque
1056 1534 1286 1599 libellis
1326 1532 1759 1618 jocularibus,
1805 1534 2196 1601 missitandis
2229 1555 2294 1602 et
2325 1561 2631 1605 eommu-

496 1642 785 1709 nieandis
848 1641 1019 1705 inter
1064 1662 1133 1704 se
1159 1688 1177 1722 ,
1232 1639 1399 1704 alere
1456 1640 1624 1704 hanc
1672 1640 2011 1706 libidinem
2063 1643 2383 1726 solerent,
2433 1646 2480 1709 ii
2527 1649 2631 1711 vi·

494 1750 734 1815 dentur
803 1745 994 1809 etiam
1063 1744 1457 1809 nobiliorum
1516 1768 1886 1813 scurrarum
1953 1747 2198 1813 libellos
2251 1765 2316 1813 et
2361 1752 2630 1818 0011oeoe

492 1866 843 1921 scommata
875 1870 1155 1915 servasse
1194 1850 1259 1913 in
1298 1851 1524 1939 primis
1555 1865 1622 1914 et
1646 1850 1980 1916 edidicisse
1999 1898 2020 1933 ,
2053 1868 2132 1917 ut
2160 1854 2260 1918 his
2289 1871 2626 1944 tamquam

490 1957 862 2025 auctoribus
896 1955 1329 2042 nequitiarum
1358 1970 1732 2038 uterentur,
1769 1956 2034 2044 quando
2059 1958 2160 2022 vel
2189 1959 2308 2047 ipsi
2329 1982 2404 2024 se
2431 1962 2626 2050 nugis

490 2062 809 2147 ejusmodi
834 2062 1157 2127 oblectare
1188 2062 1255 2125 in
1288 2084 1500 2143 coena,
1532 2062 1661 2143 vel,
1693 2062 1980 2152 magistri
2005 2064 2218 2129 vernis
2245 2080 2311 2129 et
2335 2066 2626 2134 delicatis

491 2173 663 2253 dati,
707 2190 937 2234 acuere
970 2168 1094 2231 hos
1124 2164 1206 2231 ad
1238 2166 1528 2231 scurrilia
1557 2165 1922 2232 meditanda
1960 2168 2216 2261 vellent.
2249 2170 2428 2235 Inter
2464 2172 2624 2258 hos,

488 2296 601 2345 aut
650 2300 773 2367 ego
816 2296 1208 2365 magnopere
1252 2272 1460 2357 fallor,
1491 2289 1606 2338 aut
1640 2276 2003 2363 principuus
2055 2276 2624 2345 celebratissimus-

490 2407 619 2473 que
684 2383 811 2447 fuit
874 2381 1127 2444 Sextius
1198 2379 1496 2444 Caballus
1521 2428 1540 2461 ,
1614 2381 1718 2444 vel
1787 2381 2080 2468 quisquis
2140 2383 2301 2448 alius
2363 2386 2620 2452 Sextius

488 2491 651 2564 fuit,
682 2511 719 2551 a
747 2509 881 2574 quo
906 2486 1081 2549 dicta
1112 2486 1427 2551 Sextiam
1462 2505 1705 2549 nomen
1738 2501 2163 2573 acceperunt,
2213 2507 2408 2575 quem
2451 2491 2620 2558 adeo

488 2618 623 2660 non
658 2589 1025 2658 mirandum
1062 2606 1192 2672 est,
1229 2589 1311 2654 ad
1340 2589 1584 2653 seriora
1609 2612 1820 2677 usque
1859 2604 2151 2678 tempora
2180 2593 2618 2680 plurimorum

486 2700 766 2767 lectione
814 2697 1207 2761 celebratum
1244 2717 1381 2760 esse
1400 2743 1419 2778 ,
1458 2711 1526 2760 et
1569 2711 1897 2783 tamquam
1945 2698 2320 2787 magistrum
2363 2717 2430 2765 et:
2463 2725 2620 2789 pro-

484 2803 960 2872 mumcondum
1008 2801 1302 2865 habitum
1346 2822 1484 2864 esse
1519 2801 1906 2880 jocularium
1941 2801 2284 2869 dictorum.
2339 2805 2425 2868 Et
2475 2808 2617 2894 ipsa

486 2914 592 2978 illa
615 2911 789 2976 dicta
817 2908 1133 2973 Sextiana
1160 2899 1421 2969 collecta
1448 2927 1526 2970 ex
1549 2928 1776 2970 eorum
1801 2929 2036 2998 genere
2061 2910 2260 2974 fuisse
2289 2910 2616 2997 videntur,

484 3039 627 3106 quae
659 3039 739 3080 ex
773 3036 899 3078 usu
934 3010 1367 3076 Saturnalium
1396 3009 1652 3076 dierum
1689 3013 1976 3101 profecta
2000 3061 2019 3095 ,
2060 3031 2130 3079 et:
2165 3014 2342 3080 festae
2381 3039 2614 3082 eorum

482 3121 755 3186 licentiae
798 3113 1286 3182 adcommodata
1334 3132 1582 3193 essent,
1623 3133 1686 3180 et
1717 3117 1993 3182 maxime
2031 3142 2070 3182 a
2094 3120 2442 3201 juvenibus
2473 3125 2614 3211 pri-

482 3228 677 3292 vatim
706 3241 771 3289 et
793 3223 916 3288 sibi
938 3220 1311 3286 ludentibus
1342 3237 1811 3287 exercerentur.
1831 3224 1974 3287 Hoc
1993 3225 2168 3288 enim
2189 3247 2381 3290 sensu
2408 3251 2613 3316 pecu-

482 3334 719 3398 liariter
758 3345 981 3395 vocata
1016 3352 1155 3394 esse
1198 3329 1420 3408 Dicta,
1463 3329 1902 3411 Quintilianus
1935 3330 2078 3396 loco
2111 3331 2288 3398 haud
2327 3334 2613 3398 obscuro

478 3437 733 3528 prodit,
767 3459 961 3524 quem
993 3435 1369 3514 subjicimus
1403 3432 1516 3521 (1).
1555 3434 1717 3516 Quae
1747 3459 1954 3523 quum
1983 3437 2070 3501 ita
2095 3438 2259 3522 sint,
2289 3439 2417 3503 hoc
2445 3441 2608 3505 mihi

525 3674 603 3742 (ι)
639 3668 863 3736 Quintil.
896 3671 1002 3731 vl,
1039 3670 1101 3731 3,
1146 3673 1238 3722 16:
1280 3669 1471 3734 «Quin
1505 3670 1607 3723 {11ae
1643 3671 1774 3742 ipsa
1811 3675 1989 3742 (res),
2027 3693 2147 3746 quae
2187 3675 2332 3725 Dicta
2379 3686 2502 3727 sunt.
2545 3694 2610 3728 nc

464 3771 740 3824 vocantur,
763 3775 895 3829 quas
922 3757 1080 3809 certis
1110 3755 1296 3810 diebus
1323 3758 1466 3809 festoe
1492 3758 1712 3812 licentia
1739 3758 1918 3814 dicere
1940 3761 2265 3826 solebamus,
2293 3762 2337 3813 si
2363 3761 2608 3831 paullum

464 3847 710 3902 adhibita
738 3846 940 3899 ratione
970 3844 1320 3916 fingerentur,
1349 3858 1437 3898 aut
1464 3845 1664 3917 aliquid
1694 3847 1750 3899 in
1775 3846 1860 3901 his
1885 3849 2080 3902 serium
2107 3869 2321 3920 quoque
2347 3861 2481 3902 esset
2511 3851 2608 3904 ad·

462 3938 717 4002 mixtum,
744 3933 1029 4005 plurimum
1058 3945 1301 4004 poterant
1332 3934 1571 3987 utilitatis
1595 3933 1838 3990 adferre:
1871 3957 1990 4010 quoe
2019 3957 2160 3990 nunc
2197 3939 2454 4010 juvenum
2472 3979 2488 4004 ,
2513 3939 2606 3992 vel

464 4027 561 4078 sibi
588 4023 883 4077 ludentium
914 4021 1218 4075 exercitatio
1248 4035 1325 4074 est
1346 4049 1386 4073 ιι.
