2964 4690
777 347 908 414 DE
958 345 1287 415 CULTU
1341 344 1939 413 HORTORUM.

2334 367 2423 443 79

391 474 612 564 thue
651 471 836 539 Iovis
875 470 1098 563 magni
1119 465 1527 562 'prohiberet
1569 466 1850 536 fulmina
1888 467 2197 538 Tarchon
2221 524 2240 556 ‚

392 581 576 674 Saepe
621 602 775 648 suas
811 577 997 648 sedes
1031 579 1379 673 praecinxit
1416 577 1663 648 vitibus
1700 577 1891 648 albis.

391 689 562 757 Hinc
599 687 1086 783 Amythaonius
1107 741 1127 776 ,
1169 687 1403 757 docuit
1446 710 1646 782 quem
1688 687 1975 782 plurima
2012 688 2264 760 Chiron
2288 746 2306 778 ‚

391 801 772 868 Nocturnas
804 797 1115 867 crucibus
1147 797 1450 869 volucres
1486 796 1863 894 suspendit,
1888 813 1956 868 et
1986 797 2137 868 altis

389 906 812 978 Culminibus
851 910 1070 978 vetuit
1099 909 1333 980 feralia
1369 911 1665 980 carmina
1703 909 1882 978 flere.
2348 934 2425 974 3⁵.

389 1017 518 1088 Sed
553 1043 640 1088 ne
671 1017 816 1088 dira
852 1042 1058 1089 novas
1091 1033 1342 1115 segetes
1377 1017 1689 1089 animalia
1724 1034 2037 1114 carpant,

287 1283 360 1338 de
383 1281 560 1335 Divin.
587 1282 644 1334 11
662 1321 679 1346 ,
723 1283 806 1335 23.
839 1283 1146 1338 Scaurum
1173 1282 1310 1338 Add.

289 1363 494 1415 Lucan.
521 1363 550 1414 1
571 1398 588 1424 ,
613 1359 736 1428 637.

362 1439 488 1502 346.
525 1441 745 1504 aarum
774 1429 860 1484 sa.
899 1439 954 1482 et
979 1429 1054 1484 sic
1080 1433 1144 1486 D.
1171 1432 1237 1487 1..
1265 1433 1314 1486 J.

291 1521 348 1572 Β.
366 1520 432 1572 R.
463 1521 654 1570 Tarcho
675 1515 764 1567 St.
796 1515 986 1565 Tamen
1012 1513 1075 1566 B.
1095 1517 1163 1570 R.
1192 1521 1314 1568 Tar·

289 1601 432 1662 don.
461 1593 774 1651 Memoriam
806 1593 946 1649 illius
971 1613 1035 1650 ex
1063 1597 1316 1651 Strabone

289 1679 510 1751 aliisque
543 1673 738 1746 repetit
789 1677 842 1724 la
889 1677 1046 1726 cerda
1089 1675 1144 1728 in
1174 1675 1316 1728 notis

289 1758 356 1812 ad
379 1759 539 1828 Virg.
569 1759 699 1808 AEn.
733 1753 895 1818 VIII,
932 1754 1051 1807 506.
1075 1755 1313 1827 Scriptu-

289 1858 400 1892 ram
417 1835 696 1908 antiquam
725 1837 918 1885 Tan-on
932 1851 1041 1886 non
1063 1849 1174 1885 esse
1189 1853 1312 1888 con.

289 1913 633 1970 temnendam
650 1951 666 1976 ,
708 1929 878 1986 quum
903 1913 1310 1966 Drakenborch.

291 1997 358 2050 ad
397 1999 498 2052 sil.
535 1993 700 2058 Vm,
739 1999 843 2063 474
885 1991 1161 2058 observat,
1197 2004 1312 2046 tum

293 2075 478 2130 Grata
505 2075 647 2128 ratio
668 2070 853 2134 docet,
881 2071 1097 2143 Τάρκων.

361 2161 426 2221 34
433 2175 484 2227 7.
501 2153 759 2206 Precinaeie
773 2151 859 2204 Sa.
877 2154 1141 2220 precinxit
1159 2151 1311 2204 Dem-

289 2241 424 2306 διερι-
445 2247 499 2288 et
526 2233 786 2302 pertinxit
808 2247 992 2283 omnes
1016 2227 1180 2294 editi,
1201 2249 1314 2299 sepe

289 2313 527 2388 vulgavit
563 2311 729 2365 Gesn.
759 2339 832 2351 -
869 2314 990 2378 Seps
1021 2312 1310 2379 proecinoeit.

289 2394 368 2447 Ita
407 2408 678 2466 reponere
714 2406 874 2442 ausus
905 2406 1024 2441 sum
1048 2388 1226 2442 invitis
1259 2388 1316 2441 li-

291 2472 392 2525 hris
413 2470 701 2535 omnibus,
723 2467 816 2520 sed
841 2484 951 2521 non
979 2466 1144 2520 invito
1171 2468 1311 2541 ipso,

291 2550 477 2618 eredo,
510 2552 558 2605 si
585 2548 816 2613 viveret,
844 2540 1157 2601 Columella.
1193 2554 1315 2617 Sepe

291 2634 562 2684 etv-itibus
607 2630 732 2681 albis
784 2644 885 2699 per
927 2626 1313 2700 adpositionem

291 2710 573 2778 dicuntur,
597 2708 686 2762 vel
709 2706 1029 2780 ἐπιξῆγιισιν·
1015 2748 1028 2759 .
1043 2709 1292 2777 precia-‘tc
1277 2712 1318 2761 it

291 2800 367 2843 est
381 2789 612 2845 Palladii
629 2827 646 2855 ,
667 2788 762 2861 qui
779 2788 926 2841 hunc
949 2789 1128 2841 locum
1144 2808 1310 2859 παρει-

292 2872 483 2941 φρσῖζει,
506 2871 555 2936 1,
581 2870 673 2934 35,
705 2888 728 2921 ι
755 2887 770 2922 :
799 2894 822 2915 ι
847 2868 1024 2921 Omne
1040 2867 1183 2921 horti
1201 2886 1317 2941 spa·

291 2950 420 3003 tium
448 2949 576 3004 alba
611 2949 722 3001 vite
759 2948 1101 3021 praecingitur
1133 2972 1173 2999 a.
1211 2947 1314 2999 Pli-

289 3030 437 3093 nius,
465 3028 603 3081 nist.
633 3028 752 3079 Nat.
787 3026 1015 3092 XXIII,
1049 3045 1072 3078 1
1094 3044 1170 3093 ‚.s
1202 3028 1310 3078 16:

290 3110 408 3162 -De
426 3110 536 3163 vite
561 3108 715 3179 nigra
741 3126 784 3158 s.
811 3105 1044 3198 bryonia
1065 3104 1243 3171 aiunt,
1268 3104 1314 3158 si
1361 3150 1372 3165 ,

289 3188 403 3259 quis
425 3188 614 3240 villam
637 3204 701 3237 ea
736 3184 1092 3257 praecinxerit,
1135 3182 1316 3257 sugere

291 3266 592 3340 accipitres,
622 3274 867 3355 tutasque
911 3262 1029 3315 fieri
1061 3262 1316 3317 villaticas

291 3344 496 3399 ahten».
521 3348 608 3398 De
629 3343 756 3395 vitis
783 3342 917 3395 albo
939 3338 1246 3395 nominibus
1265 3356 1316 3396 et

290 3424 572 3477 virtutibus·
629 3426 814 3475 eodem
873 3422 995 3475 loco
1050 3422 1310 3513 precipit.

291 3503 452 3556 Gnn.
479 3534 554 3543 -
575 3504 854 3553 Proeca'naeie
885 3501 1044 3553 etiam
1080 3500 1314 3572 antiquis

291 3582 561 3637 codicibus
601 3581 865 3644 firmatur,
893 3594 956 3634 ut
977 3580 1034 3632 in
1058 3598 1168 3632 var.
1193 3578 1311 3632 lect.

291 3664 610 3715 notavimus.
626 3659 732 3713 Sed
741 3680 856 3731 sepe
867 3670 926 3711 ut
937 3671 1121 3713 contra
1128 3677 1316 3712 omnes

293 3736 452 3793 lihos
473 3737 723 3813 recipiam
739 3777 756 3803 ‚
783 3751 834 3793 et
852 3756 974 3791 cum
995 3741 1171 3791 vicibus
1191 3740 1314 3789 albis

291 3836 390 3889 per
426 3819 812 3893 adpositionem
858 3816 1062 3871 dictum
1107 3830 1316 3891 putem,

293 3898 493 3951 nullam
513 3918 752 3952 caussam
782 3896 959 3952 video.
986 3902 1124 3967 Saepe
1150 3896 1314 3947 inter-

295 3974 424 4029 dum
447 3998 550 4051 pro
567 3982 675 4038 diu,
704 3996 913 4047 semper,
941 3980 1142 4027 assidue
1165 3972 1317 4047 poni,

297 4054 538 4110 vidimus
561 4056 842 4130 aliquoties
864 4056 918 4108 in
945 4054 1163 4109 Avieno.
1198 4054 1318 4104 Vitis

1403 1285 1521 1336 alba
1550 1283 1751 1338 Gracis
1780 1285 1993 1356 ἄμπελος
2025 1285 2169 1340 λευκὴ
2182 1322 2201 1348 ,
2240 1303 2271 1337 a
2296 1283 2424 1338 Ger-

1401 1361 1572 1416 manis
1591 1366 1855 1415 Stichwurs
1872 1365 2021 1416 aiunt
2037 1361 2315 1436 adpellari.

1477 1441 1598 1509 348.
1628 1447 1972 1509 Amynthames
1994 1443 2057 1496 P.
2076 1447 2141 1497 D.
2164 1447 2418 1496 Antiada—

1403 1541 1497 1574 πω
1513 1521 1598 1576 Sa.
1610 1527 1935 1588 Amytaonius
1946 1523 2007 1575 B.
2021 1524 2085 1575 R.
2102 1513 2425 1588 Amyihonius
2541 1587 2555 1604 o

1401 1599 1466 1652 L.
1497 1621 1639 1669 quem
1674 1602 1738 1653 D.
1778 1601 1864 1655 Sa.
1892 1603 1951 1654 L.
1973 1603 2019 1654 J.
2038 1601 2101 1654 B.
2129 1603 2194 1653 R.
2219 1623 2332 1670 quae
2352 1602 2418 1656 al.

1400 1709 1473 1720 —
1514 1681 1644 1732 Ηίηο
1687 1683 2069 1745 Amythaonius.
2086 1721 2099 1732 .
2114 1721 2127 1733 .
2148 1721 2161 1734 .
2227 1685 2421 1734 Chiron.

1401 1755 1531 1813 Haec
1558 1772 1684 1814 sunt
1722 1758 1953 1812 duorum
1980 1759 2218 1813 virorum
2244 1759 2423 1832 dispa-

1400 1851 1515 1891 rata
1528 1839 1747 1892 n'omina
1767 1877 1783 1903 ,
1804 1858 1976 1912 neque
1993 1839 2165 1906 lecti0‚
2186 1840 2420 1912 plurium

1402 1916 1525 1972 licet
1552 1918 1808 1971 librorum
1828 1955 1844 1981 ,
1874 1921 2040 1968 docuit
2059 1938 2173 1985 quoe
2184 1921 2420 1986 phorima,

1401 1995 1723 2050 admittenda
1760 2008 1856 2049 est.
1890 1997 2063 2048 Ambo
2088 1999 2419 2070 conjungun-

1399 2077 1489 2127 {ur
1514 2093 1545 2127 a
1588 2074 1840 2146 Virgilio,
1878 2073 2072 2145 Geor-g.
2122 2075 2206 2127 111
2221 2114 2236 2139 ,
2282 2075 2383 2128 550
2404 2095 2417 2128 τ

1400 2180 1426 2198 «ι
1438 2153 1753 2225 Phillyrides
1766 2149 1969 2206 Chiron
1982 2193 1997 2218 ‚
2012 2151 2236 2225 Amytha
2244 2153 2421 2216 onius-

1399 2251 1507 2306 que
1526 2233 1821 2302 Melampus
1836 2257 1880 2283 n.
1899 2230 2105 2304 Nempe
2120 2227 2418 2304 Melampus

1398 2312 1748 2386 Amythaonis
1768 2308 1905 2365 filius
1920 2353 1936 2378 ,
1960 2331 1989 2365 a
2027 2309 2263 2366 Chirone
2288 2313 2420 2367 mul·

1399 2396 1454 2443 ta
1480 2391 1698 2465 doctus,
1721 2402 1881 2463 atque
1906 2392 2142 2463 auguriis
2170 2406 2220 2446 et
2238 2396 2417 2464 καθαρ-

1401 2474 1504 2542 μοῖς
1530 2471 1757 2524 maxime
1782 2470 2002 2525 illustris
2025 2468 2165 2543 apud
2202 2488 2383 2545 poetas
2402 2510 2419 2540 ,

1401 2568 1526 2604 aves
1552 2562 1837 2603 nocturnas
1862 2562 1913 2603 et
1930 2550 2282 2623 inauspicatas
2304 2572 2419 2607 cru-

1401 2630 1451 2682 ci
1474 2630 1696 2695 suffixit,
1716 2641 1778 2680 ut
1796 2647 1865 2681 ne
1883 2629 2111 2699 amplius
2128 2630 2284 2683 ferali
2306 2650 2419 2685 car-

1400 2710 1550 2761 mine
1582 2706 1751 2761 tristia
1780 2708 2021 2759 facerent
2044 2708 2241 2761 omina.

1474 2789 1593 2854 349
1622 2792 1841 2839 Nocturn
1825 2806 1904 2836 ms
1930 2788 2107 2837 crucibae
2091 2806 2147 2836 us
2175 2792 2417 2841 volucres.

1403 2864 1674 2939 Apuleius,
1702 2866 1831 2917 Met.
1858 2862 1965 2926 111,
1985 2884 2037 2937 p.
2066 2864 2172 2919 58·
2197 2866 2407 2931 «Quid.
2396 2866 2419 2900 ³

1401 2944 1549 3017 quod
1581 2944 1707 2997 istas
1740 2959 2029 2997 nocturnas
2057 2962 2209 3009 aves,
2251 2964 2415 3019 quum

1401 3022 1794 3097 penetraverint
1856 3022 2021 3075 larem
2089 3024 2418 3097 quempiam,

1402 3102 1623 3156 sollicite
1642 3102 1927 3173 prehensas
1948 3102 2153 3155 foribus
2175 3102 2419 3159 videmus

1404 3180 1591 3253 adfigi,
1619 3194 1677 3235 ut
1716 3178 1863 3253 quod
1899 3180 2137 3233 infaustis
2160 3180 2420 3237 volatibus

1404 3261 1613 3314 familiae
1671 3262 1943 3314 minantur
2006 3261 2253 3327 exitium,
2310 3266 2419 3316 suis

1401 3344 1553 3395 luant
1569 3340 1938 3394 cruciatibus».
1955 3340 2241 3404 Palladius,
2261 3342 2307 3403 1,
2326 3345 2411 3403 35.

1406 3441 1474 3476 1:
1516 3446 1539 3469 ι
1560 3418 1769 3473 Noctua
1794 3421 1984 3493 pennis
2010 3422 2311 3493 patentibus
2329 3444 2415 3477 ex-

1399 3510 1545 3552 tensa
1572 3498 1842 3569 suffigitur
1856 3524 1897 3548 n.
1922 3529 1993 3538 -
2014 3504 2275 3567 Suspendit
2290 3504 2357 3555 D.

1478 3580 1597 3634 350.
1620 3584 1817 3631 Feralia
1836 3582 2059 3632 earmina
2071 3586 2215 3651 flere.
2237 3584 2421 3655 Vin-gil.

1403 3662 1525 3711 AEn.
1546 3658 1648 3724 IV,
1676 3661 1774 3722 462
1789 3676 1803 3709 :
1820 3658 2085 3731 «Solaque
2100 3660 2420 3716 culminibus

1403 3736 1557 3790 l'erali
1576 3737 1809 3789 carmine
1830 3738 1975 3790 bubo
1989 3738 2138 3811 Saepe
2151 3742 2313 3811 quaeri
2330 3780 2346 3807 ‚
2367 3755 2421 3795 et

1404 3816 1595 3887 longas
1618 3816 1677 3867 in
1698 3816 1881 3870 fletum
1912 3817 2105 3871 ducere
2145 3839 2419 3873 voces-.—

1403 3898 1603 3956 Meun'e,
1626 3894 1861 3972 sphalma
1882 3896 1983 3969 Gy.
2012 3910 2063 3951 et
2089 3898 2241 3956 Com.

1477 3974 1596 4027 351.
1648 3979 1716 4027 Ne·
1756 3978 1867 4028 dira
1909 3976 2113 4047 Gryph.
2163 3980 2299 4028 diras
2350 3980 2415 4031 D.

1411 4069 1619 4123 carpent
1636 4052 1705 4107 H.
1725 4057 1785 4108 A.
1816 4054 1912 4107 Gr.
1936 4054 2005 4108 G.
