2964 4690
474 318 611 387 328
770 384 775 389 ,
1038 320 1169 387 DE
1218 320 2034 389 INTERPRETIBUS
2105 358 2110 363 ·

469 450 605 537 ipse
654 448 878 511 titulus
918 446 1255 535 profitetur
1295 446 1417 534 (t).
1467 449 1858 512 Heumanno
1905 446 2214 511 videntur
2251 470 2326 509 ea
2361 448 2608 514 scholia

470 580 605 619 non
644 558 795 619 satis
841 555 1143 619 meditate
1182 557 1447 644 scripta,
1482 572 1678 642 atque
1711 556 1918 619 effusa
1957 556 2204 635 verius,
2241 576 2438 643 quam
2469 556 2612 621 elu-

473 662 737 725 cubrata
776 660 892 747 (2).
934 662 1275 725 Proximus
1322 662 1670 724 Castalioni
1719 677 1818 724 est
1865 661 2054 748 Casp.
2105 660 2444 744 Barthius,
2491 666 2612 750 qui

470 768 838 858 AEnigmata
886 768 1209 856 Symposii
1240 768 1447 833 multa
1476 770 1716 855 passim
1753 767 2126 831 emendavit
2162 783 2228 831 et
2269 767 2612 834 illustravit
2683 754 2690 761 ’

473 896 681 962 quum
712 874 777 938 in
808 872 1496 941 Animadversionibus
1532 872 1616 937 ad
1647 872 2072 938 Claudianum
2093 922 2112 954 ‚
2158 890 2300 937 tum
2333 876 2613 939 maxime

476 985 541 1045 in
584 982 1013 1062 Adversariis‚
1046 1006 1103 1047 e.
1148 1005 1203 1046 c.
1247 980 1357 1045 lib.
1395 984 1590 1064 XIX,
1625 1004 1682 1046 c.
1729 985 1847 1063 143
1887 980 2141 1058 XXVI,
2173 981 2294 1064 283
2321 980 2612 1065 XXVII,

488 1112 511 1149 1
537 1112 555 1168 ς
583 1088 811 1170 XLIV,
838 1109 957 1169 203
982 1088 1215 1169 LVIII,
1251 1108 1305 1150 1.
1330 1087 1650 1151 Successit.
1675 1085 2046 1149 Fridericus
2069 1086 2406 1169 Besselius‚
2427 1087 2616 1167 cujus

478 1192 927 1259 adnotationes
966 1197 1031 1256 in
1079 1194 1401 1281 Symposii
1444 1191 1807 1281 AEnigmata
1844 1194 2297 1281 manuscripta
2333 1216 2370 1256 a
2405 1192 2618 1257 doctis

478 1303 629 1366 viris
668 1324 817 1367 cum
862 1304 1253 1367 Heumanno
1292 1302 1784 1366 communicatae
1818 1316 2010 1383 sunt,
2047 1324 2208 1390 quas
2247 1318 2466 1366 tamen
2507 1302 2618 1366 ille

480 1432 715 1496 paucas
750 1424 814 1471 et
850 1408 1018 1473 leves
1034 1456 1053 1490 ,
1082 1426 1147 1473 et
1172 1411 1508 1497 plerasque
1533 1431 1570 1472 e
1595 1404 1974 1473 Castalionis
2000 1408 2260 1471 scholiis
2287 1425 2618 1497 excerptas

482 1536 619 1577 esse
645 1516 919 1601 reperit,
956 1538 1031 1579 ac
1066 1515 1343 1603 proinde
1380 1536 1518 1578 non
1547 1530 1749 1595 totas,
1785 1512 2083 1578 detractis
2114 1514 2226 1595 iis,
2261 1535 2408 1601 quae
2435 1537 2472 1577 a
2499 1517 2620 1579 Ca-

482 1619 751 1683 stalione
800 1636 1092 1683 mutuata
1142 1620 1561 1702 videbantur,
1606 1642 1737 1683 una
1781 1611 1932 1682 cuni
1983 1620 2176 1699 hujus
2225 1636 2292 1684 et
2338 1619 2618 1683 aliorum

484 1723 1153 1801 animadversionibus
1196 1726 1418 1791 edidit.
1464 1726 1779 1789 Omnium
1825 1747 2058 1813 nempe
2091 1724 2474 1790 industriam
2509 1746 2624 1789 su-

484 1830 730 1915 peravit
754 1876 771 1907 ‚
821 1846 1167 1916 totumque
1220 1855 1288 1895 se
1339 1831 1731 1895 vindicando
1751 1880 1770 1910 ‚
1827 1830 2198 1918 castigando
2219 1879 2238 1911 ,
2291 1832 2621 1895 illustran-

486 1936 705 2021 doque
731 1935 1075 2022 Symposio
1102 1936 1283 1999 dedit
1308 1940 1379 1997 C.
1414 1938 1486 1997 Α.
1523 1938 1952 1999 Heumannus
1973 1986 1990 2016 ,
2019 1938 2086 1999 in
2115 1936 2396 2001 editione
2431 1936 2624 2025 Sym-

486 2042 651 2130 posii
680 2041 1074 2105 Lactantiani
1104 2041 1401 2127 superius
1430 2057 1801 2117 memorata.
1833 2040 1960 2105 Ubi
1986 2057 2134 2130 post
2161 2032 2624 2130 amplissimam

486 2148 925 2234 praefationem
948 2197 967 2229 ,
1011 2147 1079 2210 in
1122 2168 1251 2233 qua
1282 2146 1699 2234 Symposium
1739 2140 2071 2210 Lactantio
2105 2146 2420 2230 vinditat,
2457 2150 2628 2228 ejus-

488 2276 617 2338 que
662 2254 931 2316 virtutes
977 2268 1047 2314 'et
1092 2251 1409 2315 editiones
1454 2270 1781 2333 recenset,
1828 2252 2100 2341 singulis
2145 2250 2626 2343 AEnigmatibus
2661 2246 2668 2259 ’

486 2360 806 2422 variantes
866 2358 1164 2422 codicum
1220 2359 1592 2445 Msptorum
1647 2373 1713 2422 et
1771 2360 2198 2424 vetustiorum
2259 2359 2626 2425 editionum

490 2465 799 2528 lectiones
854 2464 1113 2544 subjiciat
1135 2512 1153 2545 ,
1202 2487 1481 2552 suasque
1523 2464 2109 2530 animadversiones
2159 2483 2290 2531 tam
2340 2467 2628 2545 criticas,

490 2591 686 2655 quam
744 2569 1135 2633 illustrantes
1186 2568 1367 2634 addit
1386 2615 1404 2651 ,
1460 2569 1742 2656 denique
1803 2571 1906 2634 his
1963 2569 2271 2634 absolutis
2327 2590 2628 2639 seorsum

490 2673 793 2763 producit
831 2675 1307 2741 Adnotationes
1346 2675 1784 2759 diversorum,
1821 2677 1964 2740 tum
2003 2677 2306 2764 repetitas
2330 2678 2628 2766 priorum

491 2781 865 2846 Castalionis
888 2830 907 2862 ,
942 2783 1181 2848 Barthii
1218 2799 1283 2846 et
1324 2782 1583 2847 Besselii
1606 2829 1624 2862 ,
1664 2797 1808 2846 tum
1851 2805 2022 2846 nove
2064 2797 2286 2847 secum
2330 2805 2632 2850 commu-

496 2888 733 2952 nicatas
772 2887 1025 2952 Theod.
1056 2889 1261 2953 Hasaei
1280 2937 1299 2967 ‚
1326 2905 1403 2952 ‘et
1432 2890 1530 2953 Io.
1565 2887 1795 2952 Matth.
1825 2889 2120 2954 Gesner-i.
2156 2887 2261 2953 Ad
2284 2911 2632 2955 recensen-

492 2993 651 3056 dum
684 3009 751 3056 et
784 2993 1229 3083 castigandum
1266 2996 1680 3084 aenigmatum
1723 3010 1970 3059 textum
2009 2995 2136 3060 hoc
2168 2996 2355 3083 plura
2389 3013 2457 3060 et
2493 3019 2634 3061 ma·

487 3097 627 3176 jora
673 3100 966 3162 conferre
1006 3097 1433 3162 Heumannus
1477 3099 1726 3187 potuit,
1765 3101 1946 3187 quod
1986 3116 2220 3188 praeter
2265 3100 2630 3166 editionum

493 3205 907 3289 antiquarum
946 3204 1255 3269 lectiones
1296 3204 1594 3292 quinque
1625 3205 1930 3270 codicum
1971 3206 2131 3271 MSS
2167 3207 2466 3271 nondum
2504 3209 2636 3273 eol-

496 3309 774 3372 latorum
800 3309 1167 3398 apographa
1188 3309 1289 3373 vel
1316 3326 1648 3398 excerpta,
1673 3311 2032 3376 amicorum
2061 3311 2405 3377 doctorum
2431 3335 2634 3402 opera

496 3413 619 3476 sibi
658 3413 1175 3498 subministrata,
1221 3415 1530 3479 adhibere
1567 3417 1818 3503 potuit,
1855 3418 2052 3480 trium
2089 3417 2352 3505 quidem
2391 3441 2470 3483 ex
2503 3421 2634 3484 An-

500 3519 639 3605 gliae
692 3518 1099 3586 bibliothecis
1124 3569 1142 3603 ,
1198 3520 1482 3586 duorum
1533 3522 1694 3586 MSS
1747 3545 1784 3586 e
1835 3523 2256 3612 Lugdunensi
2305 3523 2464 3588 bibl.
2517 3525 2636 3590 de·

500 3641 816 3712 prompta.
849 3627 1183 3690 Lectiones
1208 3649 1436 3692 eorum
1464 3627 1764 3691 codicum
1789 3649 2016 3692 omnes
2040 3629 2212 3718 siglis
2235 3629 2628 3717 quibusdam

570 3859 647 3924 (1)
681 3858 1021 3926 comparavit
1061 3858 1243 3927 primae
1278 3871 1327 3911 et
1358 3857 1602 3911 secundae
1639 3857 1889 3910 editionis
1917 3859 2110 3914 scholia
2155 3861 2384 3914 Irenoeus
2419 3861 2627 3916 Biblio-

500 3943 675 4012 philus
698 3943 749 3994 in
780 3943 1111 3997 schelhornii
1135 3945 1341 4000 Amoen.
1367 3946 1444 3998 lit.
1468 3957 1596 3998 tom.
1623 3945 1704 4010 11,
1727 3965 1777 4017 p.
1800 3947 1916 4016 ⁴87·

571 4033 649 4098 (a)
680 4031 748 4080 'In
780 4031 924 4084 Praef.
952 4031 1019 4085 ad
1050 4035 1226 4107 Symp.
1248 4034 1391 4088 Lact.
1415 4037 1445 4100 S
1468 4033 1636 4088 XLII.
