2964 4690
752 390 1349 463 EmeNEs
1410 348 1942 460 sYMPosuss
2273 392 2408 488 337

368 542 485 609 que
506 518 695 583 libros
716 518 838 599 JV,
866 518 1153 582 Coloniae
1182 518 1436 607 Agripp.
1465 541 1570 581 an.
1603 518 1768 583 1620
1785 567 1803 599 ,
1834 521 2037 585 ἐπι-ια.
2057 520 2158 585 Ibi
2177 538 2408 587 auctor

372 624 539 689 libro
576 624 668 689 IV
711 624 1044 705 subjunxit
1076 626 1235 687 loca
1265 626 1429 687 seria
1462 637 1528 687 ec
1549 626 1896 713 aenigmata
1927 629 2046 689 iter
2067 630 2409 713 agentibus

371 728 853 794 accommodata
872 777 895 809 ,
930 746 1127 815 atque
1162 729 1332 793 inter
1354 729 1495 793 haec
1510 776 1530 809 ‚
1570 752 1708 817 pag.
1741 729 1868 795 338
1883 779 1901 813 ‚
1929 733 2313 819 AEnigmata
2347 750 2409 799 et

376 834 643 923 anlzos
673 857 761 897 ex
781 834 1147 921 Symphosio
1165 848 1224 897 et
1238 832 1578 897 Althelmo.
1607 834 1706 897 Ex
1730 833 1840 898 illo
1873 835 2137 922 quidem
2166 838 2414 925 profert

370 939 751 1019 duodecim,
792 937 871 1001 de
914 936 1101 1002 clave
1120 984 1138 1015 ,
1188 937 1262 1000 V
1252 936 1394 1026 alpe
1409 986 1432 1018 ,
1480 928 1686 1002 Fu'mo
1704 986 1725 1018 ,
1783 939 2156 1023 Testudine,
2199 942 2402 1025 Grae,

370 1047 613 1125 Eric-io,
642 1045 860 1123 Mula,
889 1044 1057 1108 Beca
1072 1092 1093 1125 ,
1130 1042 1373 1132 Ταζυα,
1408 1044 1651 1108 Farina
1670 1093 1688 1125 ‚
1725 1045 1873 1108 Pila
1902 1062 1967 1109 et
1988 1046 2305 1135 Spongiam
2329 1073 2408 1115 ex

371 1150 497 1213 hoc
520 1165 802 1237 quatuor
821 1149 902 1211 de
926 1148 1115 1215 Nube
1129 1196 1147 1231 ,
1175 1149 1255 1213 de
1279 1150 1708 1213 Salamandm
1723 1198 1741 1231 ‚
1767 1151 1847 1214 de
1876 1152 2405 1236 Myr-micoleonte,
2485 1163 2504 1176 '

372 1272 435 1319 et
460 1256 541 1319 de
582 1254 777 1319 Gallo
814 1253 1187 1319 Gallinaceo
1210 1303 1230 1336 ‚
1270 1272 1335 1319 et
1363 1278 1504 1345 pag.
1543 1255 1670 1320 366
1705 1256 1966 1320 scribit:
1995 1256 2199 1322 Plura
2225 1260 2408 1343 Sym-

358 1364 572 1450 posius
598 1373 661 1423 et
684 1360 1045 1425 Althelmus
1078 1360 1359 1424 versibus
1389 1360 1691 1447 collegere
1727 1362 2097 1447 aenigmata.
2129 1352 2412 1429 Irenaeus

372 1466 801 1555 Bibliophilus
832 1465 1005 1555 apud
1036 1466 1534 1531 Schelhomium
1573 1467 1617 1529 l.
1656 1487 1711 1529 c.
1741 1487 1884 1555 pag.
1915 1470 2036 1552 491
2056 1514 2074 1549 ,
2112 1470 2374 1549 conjicit
2393 1518 2411 1547 ,

372 1571 716 1636 Schottum
757 1571 895 1635 haec
936 1570 1276 1659 aenigmata
1320 1592 1358 1635 e
1398 1570 1723 1634 Duacensi
1743 1572 2082 1659 'Symposii
2131 1572 2416 1640 editione

372 1700 477 1741 an.
505 1678 707 1758 1604,
734 1676 917 1755 cujus
942 1674 1141 1740 modo
1160 1676 1560 1740 mentionem
1578 1676 1850 1741 fecimus
1866 1724 1886 1757 ‚
1915 1676 2411 1767 deprompsisse.

373 1782 515 1846 Hoc
539 1780 842 1869 equidem
869 1780 1208 1845 adfirmare
1232 1781 1465 1861 nolim,
1488 1780 1810 1869 siquidem
1835 1784 2190 1847 Duacensis
2218 1784 2416 1849 editio

372 1887 751 1959 Castalionis
783 1886 1229 1950 recensionem
1264 1903 1540 1974 sequuta
1569 1886 1854 1969 videtur3
1882 1905 1948 1952 at
1972 1889 2311 1972 Schottus,
2341 1908 2417 1960 ut

370 2016 407 2057 e
433 1994 776 2058 collatione
800 1994 1215 2080 oenigmatum
1242 1991 1467 2075 didici,
1501 1992 1787 2057 Perionii
1817 2010 2068 2059 textum
2091 1995 2410 2060 adhibuit.

284 2194 459 2259 XIII.
524 2192 833 2259 Nic-olaus
896 2192 1200 2260 Causinus
1259 2193 1425 2258 libro
1498 2218 1620 2259 suo
1643 2242 1662 2277 ,
1727 2219 1922 2282 quem
1992 2198 2409 2281 Symbolicam

368 2303 820 2390 AE'gyptiorum
873 2302 1248 2389 sapientiam
1298 2300 1625 2390 inscripsit
1647 2350 1666 2385 ,
1722 2302 1995 2367 inseruit
2039 2305 2415 2391 AEm'gmata

370 2407 709 2496 Symposii,
750 2405 863 2470 sed
896 2405 1060 2469 nihil
1091 2404 1723 2470 animadversionum
1755 2407 1855 2470 vel
1887 2408 2280 2472 scholiorum
2311 2410 2418 2474 ad-

364 2513 539 2593 jecit.
586 2513 743 2592 Ejus
792 2511 1005 2601 operis
1048 2527 1176 2575 tres
1230 2511 1545 2576 editiones
1592 2529 1836 2576 exstare
1884 2515 2198 2600 comperit
2239 2518 2416 2580 Heu-

369 2639 651 2682 mannus
676 2617 845 2704 (vid.
873 2617 1126 2682 Praefat.
1153 2615 1235 2680 ad
1264 2618 1484 2704 Symp.
1514 2618 1690 2680 Lact.
1715 2621 1752 2694 5
1776 2616 2093 2703 XXXV),
2121 2619 2410 2685 Coloniae

378 2723 546 2788 1623
568 2771 589 2805 ,
625 2723 818 2786 in-8.
858 2723 1055 2786 Paris.
1108 2722 1273 2808 1647
1296 2768 1314 2800 ‚
1346 2721 1413 2783 in
1438 2724 1550 2797 -4,
1597 2719 1824 2782 Colon.
1873 2717 2074 2802 1654,
2107 2722 2292 2788 in-8.
2331 2727 2410 2788 In

368 2827 603 2891 harum
638 2843 967 2914 postrema
999 2827 1333 2913 aenigmata
1378 2824 1484 2886 illa
1529 2822 1816 2887 exhiberi
1848 2823 2004 2888 dicit
2033 2849 2072 2890 a
2101 2849 2245 2916 pag.
2291 2829 2412 2894 138

368 2954 580 3019 usque
628 2931 712 2996 ad
760 2952 903 3019 pag.
959 2929 1081 2994 150
1104 2979 1123 3012 ,
1170 2929 1319 2992 satis
1368 2927 1635 3015 quidem
1684 2927 1994 2993 mendose
2015 2979 2034 3011 ‚
2082 2947 2157 2994 ut
2199 2949 2415 2999 tamen

368 3036 710 3126 adpareat,
736 3035 1089 3099 Causinum
1120 3055 1481 3121 expressam
1511 3032 1792 3097 voluisse
1825 3033 2174 3100 editionem
2195 3041 2414 3103 Casta-

372 3143 595 3209 lionis.

284 3356 459 3420 XIV.
506 3353 784 3419 Phaedro
825 3376 976 3418 cum
1017 3353 1445 3442 grammaticis
1492 3353 1664 3417 notis
1702 3352 1875 3417 edito
1913 3353 2226 3441 Symposii
2255 3357 2416 3421 alio-

370 3482 655 3548 rumque
696 3461 1045 3547 aenigmata
1080 3475 1145 3523 et
1184 3459 1443 3522 fabellas
1489 3456 1783 3537 adjunxit
1833 3457 2217 3522 Christmnus
2252 3461 2420 3525 Jun-

370 3563 628 3646 clrerus,
669 3565 843 3653 Lips.
896 3586 1101 3652 1700,
1146 3564 1357 3626 in-12.
1401 3562 1787 3651 Exemplum
1829 3579 1895 3626 et
1938 3562 2287 3630 editionem
2319 3569 2414 3632 Jo.

370 3669 645 3734 Meursii
666 3685 984 3757 sequutus
1008 3685 1106 3734 est
1126 3717 1143 3751 ‚
1172 3690 1324 3732 cum
1345 3666 1621 3732 Phaedro
1645 3667 2056 3756 Symposium
2078 3686 2143 3733 et
2170 3671 2416 3737 fabulas

371 3776 626 3841 Graecas
660 3774 913 3840 Gabriae
946 3790 1011 3838 et
1040 3773 1407 3864 AEnigmata
1439 3789 1784 3861 poetarum
1814 3790 2108 3840 veterum
2145 3779 2419 3858 conjun-

372 3879 602 3968 gentis.
643 3878 825 3943 Idem
862 3877 1107 3942 factum
1142 3878 1211 3940 in
1250 3893 1563 3965 sequente
1597 3877 1749 3942 edit.

282 4082 431 4146 XV.
458 4079 981 4170 Phaedrifabuloe
1002 4102 1153 4144 cum
1182 4096 1316 4143 not.
1342 4078 1425 4145 ad
1456 4078 1728 4143 modum
1751 4078 2040 4158 Minellii,
2058 4079 2282 4166 quibus
2311 4101 2420 4144 ac-

502 4191 570 4255 V
568 4191 613 4255 I
610 4192 653 4254 I
652 4241 666 4255 .
2049 4210 2088 4251 2
2098 4211 2135 4251 2
