2964 4690
666 376 671 381 ’
740 378 873 445 AD
924 375 1404 447 SYMPOSII
1456 382 2027 453 AENIGMATA.
2207 456 2218 462 ,
2306 384 2444 455 325

315 505 589 585 judicat,
641 502 822 592 quod
867 504 1139 571 numero
1186 505 1271 572 83
1317 510 1396 572 de
1438 510 1652 573 Perna
1693 511 1938 600 legitur.
1981 514 2052 576 In
2097 536 2230 601 quo
2267 510 2447 577 facile

320 632 503 675 suum
538 613 931 677 Heumanno
956 612 1275 693 judicium
1310 617 1758 705 relinquimus.

399 719 847 783 Proefationem
896 721 996 785 vel
1042 721 1430 809 Prologum,
1477 746 1671 809 quem
1721 726 2098 813 symposius
2139 726 2446 813 aenigma-

318 826 485 889 tibus
518 828 826 914 praemisit
844 876 863 907 ,
890 849 1103 915 neque
1130 850 1356 893 omnes
1384 828 1640 895 codices
1669 832 1991 921 integrum
2011 880 2029 913 ,
2069 854 2282 920 neque
2311 852 2446 894 uno

315 931 457 993 loco
479 932 809 996 exhibent.
846 932 1135 997 Primum
1170 951 1235 999 et
1260 934 1622 998 secundum
1648 955 1904 999 versum
1932 936 2135 1000 codex
2165 934 2446 999 Perionii

320 1056 445 1099 non
498 1036 696 1101 habet
742 1038 875 1125 (1),
926 1056 991 1103 et
1036 1041 1183 1127 quia
1218 1041 1392 1104 salvo
1428 1063 1624 1105 sensu
1657 1042 1838 1105 facile
1869 1042 2092 1105 abesse
2133 1060 2322 1129 posse
2353 1042 2458 1105 vi·-

317 1142 586 1223 dentur,
614 1143 1005 1231 Heynatzius
1040 1144 1310 1231 quidem
1334 1168 1445 1209 eos
1474 1146 1658 1209 uncis
1685 1146 1980 1226 inclusit,
2017 1148 2444 1210 Heumannus

316 1248 595 1335 primum
630 1269 753 1336 pro
785 1250 1156 1339 suppositiis
1185 1251 1455 1333 habuit3
1498 1251 1612 1315 sed
1647 1266 1850 1339 quum
1889 1250 2192 1340 deinceps
2233 1253 2442 1315 anim-

317 1353 709 1429 adverteret,
758 1378 1004 1420 novum
1050 1354 1315 1443 aliquod
1356 1356 1639 1436 fulcrum
1683 1358 1980 1445 opinioni
2027 1378 2160 1421 suae
2215 1376 2292 1420 ex
2342 1358 2442 1420 his

314 1458 640 1539 versibus,
686 1461 739 1523 si
781 1458 1069 1548 paullum
1122 1476 1555 1542 mutarentur,
1600 1484 1789 1550 posse
1832 1462 2134 1525 accedere
2155 1510 2172 1542 ,
2207 1460 2442 1549 cupide

316 1586 419 1628 eos
456 1578 785 1654 tamquam
824 1590 861 1631 e
897 1570 1049 1657 fuga
1090 1569 1388 1650 retraxit,
1436 1592 1742 1657 novoque
1784 1569 2011 1633 habitu
2056 1593 2134 1632 ex
2175 1570 2441 1657 ingenio
2499 1597 2505 1605 ·

315 1686 573 1737 ornatos
622 1674 709 1737 ita
760 1676 1141 1763 proposuit,
1190 1692 1267 1739 ut
1310 1696 1503 1763 supra.
1542 1676 2082 1756 memoravimus,
2135 1676 2400 1738 Sextum
2424 1724 2442 1756 ,

315 1798 505 1864 quem
556 1794 784 1843 auctor
832 1780 1249 1868 adloquitur,
1304 1781 1369 1843 in
1427 1781 1714 1862 Siccam,
1774 1780 2043 1868 patriam
2091 1780 2442 1859 Lactamii,
2525 1794 2542 1811 ‘

316 1898 588 1946 mutans.
638 1884 785 1965 Qua
832 1885 896 1947 in
946 1906 1017 1948 re
1064 1886 1181 1949 etsi
1228 1884 1537 1949 audacius
1585 1900 1902 1973 grassatus
1951 1898 2088 1965 est,
2127 1882 2192 1947 id
2223 1896 2440 1947 tamen

312 2004 479 2051 recte
512 1988 703 2068 fecit,
750 1989 929 2076 quod
967 1990 1332 2053 auctoritati
1380 1990 1822 2077 antiquiorum
1870 1989 2170 2053 codicum
2211 2012 2446 2054 conce-

312 2092 465 2157 dens
497 2116 723 2157 versus
755 2096 929 2183 ipsos
964 2094 1341 2159 retinendos
1372 2096 1644 2161 censuit.
1674 2096 1840 2160 Nam
1859 2144 1877 2175 ,
1913 2112 1988 2159 ut
2021 2096 2156 2182 ipse
2182 2093 2441 2172 fatetur,

312 2214 539 2285 praeter
588 2201 767 2264 illum
820 2200 1101 2265 Perionii
1128 2249 1145 2281 ,
1202 2200 1411 2264 caeteri
1465 2224 1696 2265 omues
1747 2200 2000 2265 codices
2023 2249 2040 2283 ,
2088 2222 2254 2287 quos
2305 2200 2444 2286 ipse

312 2307 680 2394 usurpavit,
731 2308 923 2371 etiam
970 2306 1443 2371 vetustissimus
1487 2328 1714 2370 eorum
1759 2306 2187 2394 AnglicanuS,
2219 2326 2442 2398 versus

311 2413 459 2475 istos
496 2411 757 2476 habent.
802 2413 1154 2502 Prologum
1185 2413 1510 2500 integrum
1553 2435 1684 2474 non
1725 2412 1790 2474 in
1827 2411 2184 2499 principio,
2215 2410 2328 2474 sed
2362 2407 2444 2473 ad

312 2515 499 2581 finem
546 2519 963 2606 aenigmatum
992 2565 1009 2597 ,
1054 2532 1385 2603 tamquam
1442 2517 1770 2603 epilogum
1795 2563 1813 2596 ,
1855 2517 2076 2603 posuit
2115 2515 2442 2596 Pithoeus,

308 2621 483 2708 quod
542 2637 755 2684 tamen
811 2620 1141 2709 perperam
1200 2620 1439 2682 factum
1465 2665 1486 2697 ,
1537 2635 1602 2681 et
1659 2619 2168 2705 praeponendum
2221 2619 2440 2705 potius

310 2731 699 2817 praefationis
744 2732 889 2792 loco
938 2729 1167 2809 fuisse,
1223 2727 1357 2814 ipse
1408 2739 1634 2788 monet
1671 2725 1738 2786 in
1787 2725 2124 2789 Emendat.
2169 2727 2234 2786 in
2273 2725 2439 2788 Poe—

309 2838 517 2899 matia.
548 2838 734 2922 Casp.
771 2835 1099 2914 BarthiuS,
1133 2833 1261 2895 hoc
1290 2854 1421 2894 non
1453 2827 1998 2909 animadvertens,
2029 2831 2277 2916 putavit
2305 2828 2441 2892 edi-

308 2943 551 3004 tionem
600 2941 995 3003 Pithoeanam
1038 2953 1249 3001 totum
1282 2935 1435 2999 illud
1478 2935 1818 3022 Praeloquii
1856 2935 2244 3023 epigramma
2279 2957 2439 3024 prae-

310 3048 579 3128 teriisse,
614 3045 879 3110 AdverS.
921 3045 1029 3108 lib.
1066 3044 1275 3108 LVIII
1297 3092 1315 3124 ,
1349 3065 1487 3130 cap.
1528 3065 1581 3105 1.
1611 3042 1842 3128 Neque
1873 3063 2028 3104 vero
2061 3041 2266 3104 ullum
2297 3041 2437 3104 edi-

306 3153 495 3215 tionis
540 3152 703 3215 alius
745 3149 1109 3238 exemplum
1154 3148 1509 3235 reperitur,
1549 3143 1738 3234 quod
1767 3169 1898 3210 non
1934 3147 2076 3210 illo's
2113 3169 2334 3210 versus
2371 3147 2440 3208 in

310 3259 519 3322 fronte
550 3257 965 3345 aenigmatum
1000 3255 1316 3318 exhibeat.

391 3365 479 3427 Ut
509 3364 889 3452 Symposius
922 3362 1092 3424 forte
1120 3360 1368 3448 primus
1402 3359 1528 3422 suit
1557 3359 1726 3422 inter
1751 3358 2046 3437 Latinos',
2077 3358 2188 3444 qui
2225 3379 2303 3421 co
2333 3379 2441 3444 ge-

314 3492 458 3532 nere
486 3469 789 3532 carmiuis
822 3465 1107 3546 luderet,
1144 3480 1209 3528 et
1238 3463 1576 3551 aenigmata
1607 3461 1895 3524 versibus
1930 3462 2281 3548 composita
2308 3463 2439 3523 siu-

312 3577 503 3664 gulari
552 3574 769 3638 libello
820 3573 1377 3660 complecteretur,
1425 3570 1508 3631 ita
1562 3567 1858 3654 exemplo
1903 3565 2036 3645 ejus
2078 3567 2294 3653 plures
2338 3589 2438 3629 se-

311 3682 614 3768 quiorum
660 3693 1029 3767 temporum
1063 3677 1311 3741 invitati
1342 3674 1681 3755 videntur,
1715 3687 1792 3734 ut
1824 3671 2048 3736 similia
2093 3687 2433 3735 tentarent.

312 3788 561 3851 Primus
601 3802 831 3851 eorum
874 3802 969 3849 est
1012 3781 1420 3864 Aldhelmus,
1468 3782 1736 3862 ScotuS,
1779 3780 2136 3866 Episcopus
2180 3778 2434 3841 Schire-

380 4017 458 4084 (1)
502 4013 693 4066 Pithoei
736 4013 893 4065 caiam
934 4011 1171 4064 codicem
1220 4029 1327 4062 non
1376 4009 1595 4073 habere,
1633 4007 1974 4060 Heumannus
2019 4016 2070 4057 et
2117 4004 2437 4075 Heynatzius

316 4099 620 4162 adfirmant,
646 4101 735 4152 sed
762 4099 923 4164 falso;
957 4117 1130 4170 neque
1164 4097 1221 4150 hi
1252 4097 1512 4148 Pithoeum
1541 4095 1712 4165 ipsum
1743 4093 2093 4163 inspexerunt.
