<?xml version="1.0" encoding="UTF-8"?>
<!DOCTYPE html PUBLIC "-//W3C//DTD XHTML 1.0 Transitional//EN"
    "http://www.w3.org/TR/xhtml1/DTD/xhtml1-transitional.dtd">
<html xmlns="http://www.w3.org/1999/xhtml" xml:lang="en" lang="en">
 <head>
  <title>
</title>
<meta http-equiv="Content-Type" content="text/html;charset=utf-8" />
  <meta name='ocr-system' content='tesseract 3.04.00' />
  <meta name='ocr-capabilities' content='ocr_page ocr_carea ocr_par ocr_line ocrx_word'/>
</head>
<body>
  <div class='ocr_page' id='page_1' title='image "./poetaelatinimin02unkngoog_0015.png"; bbox 0 0 2964 4690; ppageno 0'>
   <div class='ocr_carea' id='block_1_1' title="bbox 489 306 1861 378">
    <p class='ocr_par' dir='ltr' id='par_1_1' title="bbox 489 306 1861 378">
     <span class='ocr_line' id='line_1_1' title="bbox 489 306 1861 378; baseline 0 -2"><span class='ocrx_word' id='word_1_1' title='bbox 489 306 535 376; x_wconf 88' lang='lat'>6</span> <span class='ocrx_word' id='word_1_2' title='bbox 1231 310 1861 378; x_wconf 85' lang='lat' dir='ltr'>PROOEMIUM</span> 
     </span>
    </p>
   </div>
   <div class='ocr_carea' id='block_1_2' title="bbox 490 435 2632 3779">
    <p class='ocr_par' dir='ltr' id='par_1_2' title="bbox 490 435 2632 3779">
     <span class='ocr_line' id='line_1_2' title="bbox 493 435 2596 522; baseline 0 -24"><span class='ocrx_word' id='word_1_3' title='bbox 493 436 801 498; x_wconf 80' lang='lat' dir='ltr'><strong>fensionis</strong></span> <span class='ocrx_word' id='word_1_4' title='bbox 847 451 970 500; x_wconf 81' lang='lat' dir='ltr'><strong>tuae</strong></span> <span class='ocrx_word' id='word_1_5' title='bbox 997 465 1044 498; x_wconf 73' lang='lat' dir='ltr'><strong>n.</strong></span> <span class='ocrx_word' id='word_1_6' title='bbox 1085 435 1425 500; x_wconf 84' lang='lat' dir='ltr'>Salmasius</span> <span class='ocrx_word' id='word_1_7' title='bbox 1463 435 1727 522; x_wconf 89' lang='lat' dir='ltr'><strong>quidem</strong></span> <span class='ocrx_word' id='word_1_8' title='bbox 1758 437 2037 499; x_wconf 80' lang='lat' dir='ltr'><em>columen</em></span> <span class='ocrx_word' id='word_1_9' title='bbox 2074 435 2296 498; x_wconf 81' lang='lat' dir='ltr'><strong>domus</strong></span> <span class='ocrx_word' id='word_1_10' title='bbox 2344 457 2596 499; x_wconf 79' lang='lat' dir='ltr'><strong>servum</strong></span> 
     </span>
     <span class='ocr_line' id='line_1_3' title="bbox 493 535 2601 630; baseline 0.001 -26"><span class='ocrx_word' id='word_1_11' title='bbox 493 542 770 604; x_wconf 84' lang='lat' dir='ltr'>subinde</span> <span class='ocrx_word' id='word_1_12' title='bbox 803 542 1047 606; x_wconf 90' lang='lat' dir='ltr'><strong>dictum</strong></span> <span class='ocrx_word' id='word_1_13' title='bbox 1084 565 1219 606; x_wconf 90' lang='lat' dir='ltr'><strong>esse</strong></span> <span class='ocrx_word' id='word_1_14' title='bbox 1251 542 1581 622; x_wconf 89' lang='lat' dir='ltr'><strong>coneedit,</strong></span> <span class='ocrx_word' id='word_1_15' title='bbox 1610 565 1689 604; x_wconf 91' lang='lat' dir='ltr'><strong>an</strong></span> <span class='ocrx_word' id='word_1_16' title='bbox 1718 542 1916 629; x_wconf 87' lang='lat' dir='ltr'><strong>ipsius</strong></span> <span class='ocrx_word' id='word_1_17' title='bbox 1952 542 2199 605; x_wconf 90' lang='lat' dir='ltr'><strong>domini</strong></span> <span class='ocrx_word' id='word_1_18' title='bbox 2224 535 2347 606; x_wconf 80' lang='lat' dir='ltr'><strong>dici</strong></span> <span class='ocrx_word' id='word_1_19' title='bbox 2375 560 2601 630; x_wconf 90' lang='lat' dir='ltr'><strong>potue—</strong></span> 
     </span>
     <span class='ocr_line' id='line_1_4' title="bbox 491 645 2601 734; baseline 0.001 -26"><span class='ocrx_word' id='word_1_20' title='bbox 491 647 610 728; x_wconf 87' lang='lat' dir='ltr'><strong>rit,</strong></span> <span class='ocrx_word' id='word_1_21' title='bbox 651 663 724 710; x_wconf 92' lang='lat' dir='ltr'><strong>ut</strong></span> <span class='ocrx_word' id='word_1_22' title='bbox 751 647 983 710; x_wconf 75' lang='lat' dir='ltr'><strong>Lucilii</strong></span> <span class='ocrx_word' id='word_1_23' title='bbox 1011 647 1371 727; x_wconf 83' lang='lat' dir='ltr'><em>columella,</em></span> <span class='ocrx_word' id='word_1_24' title='bbox 1405 646 1697 710; x_wconf 84' lang='lat' dir='ltr'><strong>dubitat:</strong></span> <span class='ocrx_word' id='word_1_25' title='bbox 1727 645 1905 733; x_wconf 90' lang='lat' dir='ltr'><strong>quod</strong></span> <span class='ocrx_word' id='word_1_26' title='bbox 1942 662 2152 710; x_wconf 84' lang='lat' dir='ltr'><strong>tamen</strong></span> <span class='ocrx_word' id='word_1_27' title='bbox 2182 645 2255 710; x_wconf 90' lang='lat' dir='ltr'><strong>fit</strong></span> <span class='ocrx_word' id='word_1_28' title='bbox 2278 647 2451 734; x_wconf 88' lang='lat' dir='ltr'><strong>apud</strong></span> <span class='ocrx_word' id='word_1_29' title='bbox 2475 647 2601 711; x_wconf 85' lang='lat' dir='ltr'><strong>Te-</strong></span> 
     </span>
     <span class='ocr_line' id='line_1_5' title="bbox 490 751 2605 840; baseline 0.001 -28"><span class='ocrx_word' id='word_1_30' title='bbox 490 751 772 816; x_wconf 88' lang='lat' dir='ltr'><strong>rentium</strong></span> <span class='ocrx_word' id='word_1_31' title='bbox 792 799 810 832; x_wconf 87' lang='lat'><strong>,</strong></span> <span class='ocrx_word' id='word_1_32' title='bbox 840 751 954 816; x_wconf 89' lang='lat' dir='ltr'><strong>ubi</strong></span> <span class='ocrx_word' id='word_1_33' title='bbox 983 753 1118 840; x_wconf 90' lang='lat' dir='ltr'><strong>ipse</strong></span> <span class='ocrx_word' id='word_1_34' title='bbox 1144 751 1446 815; x_wconf 89' lang='lat' dir='ltr'><strong>dominus</strong></span> <span class='ocrx_word' id='word_1_35' title='bbox 1475 751 1797 839; x_wconf 85' lang='lat' dir='ltr'>Demipho</span> <span class='ocrx_word' id='word_1_36' title='bbox 1822 751 1949 814; x_wconf 89' lang='lat' dir='ltr'><strong>hoc</strong></span> <span class='ocrx_word' id='word_1_37' title='bbox 1980 751 2189 840; x_wconf 83' lang='lat' dir='ltr'><strong>elogio</strong></span> <span class='ocrx_word' id='word_1_38' title='bbox 2218 751 2605 816; x_wconf 82' lang='lat' dir='ltr'>condecorat</span> 
     </span>
     <span class='ocr_line' id='line_1_6' title="bbox 495 855 2604 943; baseline 0.001 -25"><span class='ocrx_word' id='word_1_39' title='bbox 495 879 750 920; x_wconf 84' lang='lat' dir='ltr'><strong>servum</strong></span> <span class='ocrx_word' id='word_1_40' title='bbox 778 879 971 922; x_wconf 89' lang='lat' dir='ltr'><strong>suum</strong></span> <span class='ocrx_word' id='word_1_41' title='bbox 1005 856 1122 943; x_wconf 91' lang='lat'><strong>(1).</strong></span> <span class='ocrx_word' id='word_1_42' title='bbox 1159 855 1539 937; x_wconf 78' lang='lat' dir='ltr'><em>Columella,</em></span> <span class='ocrx_word' id='word_1_43' title='bbox 1580 855 2067 937; x_wconf 82' lang='lat' dir='ltr'><strong>diminutivum,</strong></span> <span class='ocrx_word' id='word_1_44' title='bbox 2108 855 2459 920; x_wconf 83' lang='lat' dir='ltr'><strong>solemnius</strong></span> <span class='ocrx_word' id='word_1_45' title='bbox 2486 855 2604 920; x_wconf 88' lang='lat' dir='ltr'><strong>hae</strong></span> 
     </span>
     <span class='ocr_line' id='line_1_7' title="bbox 494 960 2603 1048; baseline 0 -25"><span class='ocrx_word' id='word_1_46' title='bbox 494 963 562 1024; x_wconf 91' lang='lat' dir='ltr'><strong>in</strong></span> <span class='ocrx_word' id='word_1_47' title='bbox 583 985 650 1024; x_wconf 90' lang='lat' dir='ltr'><strong>re</strong></span> <span class='ocrx_word' id='word_1_48' title='bbox 679 961 1066 1026; x_wconf 84' lang='lat' dir='ltr'><strong>vocabulum</strong></span> <span class='ocrx_word' id='word_1_49' title='bbox 1091 961 1286 1024; x_wconf 85' lang='lat' dir='ltr'><strong>fuisse</strong></span> <span class='ocrx_word' id='word_1_50' title='bbox 1317 960 1594 1043; x_wconf 87' lang='lat' dir='ltr'><strong>videtur,</strong></span> <span class='ocrx_word' id='word_1_51' title='bbox 1618 983 1811 1048; x_wconf 86' lang='lat' dir='ltr'><strong>quam</strong></span> <span class='ocrx_word' id='word_1_52' title='bbox 1832 961 2135 1042; x_wconf 80' lang='lat' dir='ltr'><em>columen,</em></span> <span class='ocrx_word' id='word_1_53' title='bbox 2160 962 2260 1024; x_wconf 85' lang='lat' dir='ltr'><strong>vel</strong></span> <span class='ocrx_word' id='word_1_54' title='bbox 2280 961 2571 1026; x_wconf 81' lang='lat' dir='ltr'><strong>columna</strong></span> <span class='ocrx_word' id='word_1_55' title='bbox 2586 1009 2603 1040; x_wconf 95' lang='lat'><em>,</em></span> 
     </span>
     <span class='ocr_line' id='line_1_8' title="bbox 495 1065 2604 1154; baseline 0 -25"><span class='ocrx_word' id='word_1_56' title='bbox 495 1085 832 1154; x_wconf 88' lang='lat' dir='ltr'><strong>propterea</strong></span> <span class='ocrx_word' id='word_1_57' title='bbox 867 1065 1046 1153; x_wconf 90' lang='lat' dir='ltr'><strong>quod</strong></span> <span class='ocrx_word' id='word_1_58' title='bbox 1079 1065 1328 1129; x_wconf 90' lang='lat' dir='ltr'><strong>domini</strong></span> <span class='ocrx_word' id='word_1_59' title='bbox 1363 1065 1533 1129; x_wconf 89' lang='lat' dir='ltr'><strong>inter</strong></span> <span class='ocrx_word' id='word_1_60' title='bbox 1567 1067 1894 1129; x_wconf 90' lang='lat' dir='ltr'><strong>Romanos</strong></span> <span class='ocrx_word' id='word_1_61' title='bbox 1914 1113 1933 1147; x_wconf 91' lang='lat'><strong>,</strong></span> <span class='ocrx_word' id='word_1_62' title='bbox 1983 1065 2130 1130; x_wconf 88' lang='lat' dir='ltr'><strong>licet</strong></span> <span class='ocrx_word' id='word_1_63' title='bbox 2162 1065 2460 1130; x_wconf 89' lang='lat' dir='ltr'><strong>blandius</strong></span> <span class='ocrx_word' id='word_1_64' title='bbox 2490 1065 2604 1130; x_wconf 91' lang='lat' dir='ltr'><strong>ad-</strong></span> 
     </span>
     <span class='ocr_line' id='line_1_9' title="bbox 493 1170 2606 1260; baseline 0.001 -26"><span class='ocrx_word' id='word_1_65' title='bbox 493 1171 731 1260; x_wconf 88' lang='lat' dir='ltr'><strong>pellare</strong></span> <span class='ocrx_word' id='word_1_66' title='bbox 775 1195 955 1236; x_wconf 87' lang='lat' dir='ltr'><strong>caros</strong></span> <span class='ocrx_word' id='word_1_67' title='bbox 999 1195 1216 1236; x_wconf 85' lang='lat' dir='ltr'><strong>servos</strong></span> <span class='ocrx_word' id='word_1_68' title='bbox 1255 1172 1526 1255; x_wconf 87' lang='lat' dir='ltr'><strong>vellent,</strong></span> <span class='ocrx_word' id='word_1_69' title='bbox 1550 1188 1761 1236; x_wconf 86' lang='lat' dir='ltr'><strong>tamen</strong></span> <span class='ocrx_word' id='word_1_70' title='bbox 1796 1171 1934 1234; x_wconf 84' lang='lat' dir='ltr'><strong>vilis</strong></span> <span class='ocrx_word' id='word_1_71' title='bbox 1966 1193 2192 1235; x_wconf 89' lang='lat' dir='ltr'><strong>eorum</strong></span> <span class='ocrx_word' id='word_1_72' title='bbox 2216 1170 2606 1236; x_wconf 86' lang='lat' dir='ltr'><strong>conditionis</strong></span> 
     </span>
     <span class='ocr_line' id='line_1_10' title="bbox 497 1276 2607 1364; baseline 0.001 -24"><span class='ocrx_word' id='word_1_73' title='bbox 497 1299 849 1359; x_wconf 75' lang='lat' dir='ltr'><strong>memoreS,</strong></span> <span class='ocrx_word' id='word_1_74' title='bbox 885 1279 1150 1342; x_wconf 88' lang='lat' dir='ltr'><strong>nomina</strong></span> <span class='ocrx_word' id='word_1_75' title='bbox 1179 1301 1406 1342; x_wconf 89' lang='lat' dir='ltr'><strong>eorum</strong></span> <span class='ocrx_word' id='word_1_76' title='bbox 1429 1289 1787 1352; x_wconf 71' lang='grc' dir='ltr'><strong>ὶξουοινητυιῶς</strong></span> <span class='ocrx_word' id='word_1_77' title='bbox 1812 1277 2042 1342; x_wconf 85' lang='lat' dir='ltr'><strong>efferre</strong></span> <span class='ocrx_word' id='word_1_78' title='bbox 2074 1277 2401 1359; x_wconf 87' lang='lat' dir='ltr'><strong>solebant,</strong></span> <span class='ocrx_word' id='word_1_79' title='bbox 2430 1276 2607 1364; x_wconf 88' lang='lat' dir='ltr'><strong>quod</strong></span> 
     </span>
     <span class='ocr_line' id='line_1_11' title="bbox 495 1382 2608 1472; baseline 0 -27"><span class='ocrx_word' id='word_1_80' title='bbox 495 1385 708 1469; x_wconf 90' lang='lat' dir='ltr'><strong>ipsum</strong></span> <span class='ocrx_word' id='word_1_81' title='bbox 733 1382 1015 1472; x_wconf 79' lang='lat' dir='ltr'><strong>vulgaria</strong></span> <span class='ocrx_word' id='word_1_82' title='bbox 1041 1384 1302 1448; x_wconf 90' lang='lat' dir='ltr'><strong>nomina</strong></span> <span class='ocrx_word' id='word_1_83' title='bbox 1321 1384 1568 1465; x_wconf 72' lang='lat' dir='ltr'><strong>servuli,</strong></span> <span class='ocrx_word' id='word_1_84' title='bbox 1588 1384 1896 1466; x_wconf 63' lang='lat' dir='ltr'><strong>vernulae,</strong></span> <span class='ocrx_word' id='word_1_85' title='bbox 1918 1400 1981 1447; x_wconf 90' lang='lat' dir='ltr'><strong>et</strong></span> <span class='ocrx_word' id='word_1_86' title='bbox 2002 1383 2119 1447; x_wconf 88' lang='lat' dir='ltr'><strong>alia</strong></span> <span class='ocrx_word' id='word_1_87' title='bbox 2142 1383 2608 1447; x_wconf 85' lang='lat' dir='ltr'><strong>demonstrant.</strong></span> 
     </span>
     <span class='ocr_line' id='line_1_12' title="bbox 499 1487 2611 1578; baseline 0.002 -30"><span class='ocrx_word' id='word_1_88' title='bbox 499 1488 686 1552; x_wconf 88' lang='lat' dir='ltr'><strong>Unus</strong></span> <span class='ocrx_word' id='word_1_89' title='bbox 726 1511 762 1552; x_wconf 97' lang='lat' dir='ltr'><strong>e</strong></span> <span class='ocrx_word' id='word_1_90' title='bbox 800 1489 1150 1569; x_wconf 86' lang='lat' dir='ltr'><strong>majoribus</strong></span> <span class='ocrx_word' id='word_1_91' title='bbox 1195 1489 1602 1572; x_wconf 81' lang='lat' dir='ltr'><strong>Columellae,</strong></span> <span class='ocrx_word' id='word_1_92' title='bbox 1634 1507 1814 1578; x_wconf 80' lang='lat' dir='ltr'><strong>pater</strong></span> <span class='ocrx_word' id='word_1_93' title='bbox 1846 1490 1948 1554; x_wconf 83' lang='lat' dir='ltr'><strong>vel</strong></span> <span class='ocrx_word' id='word_1_94' title='bbox 1984 1512 2168 1570; x_wconf 86' lang='lat' dir='ltr'><strong>avus,</strong></span> <span class='ocrx_word' id='word_1_95' title='bbox 2206 1488 2382 1553; x_wconf 87' lang='lat' dir='ltr'><strong>haud</strong></span> <span class='ocrx_word' id='word_1_96' title='bbox 2414 1487 2611 1553; x_wconf 89' lang='lat' dir='ltr'><strong>dubie</strong></span> 
     </span>
     <span class='ocr_line' id='line_1_13' title="bbox 502 1593 2612 1683; baseline 0 -28"><span class='ocrx_word' id='word_1_97' title='bbox 502 1607 576 1654; x_wconf 93' lang='lat' dir='ltr'><strong>ut</strong></span> <span class='ocrx_word' id='word_1_98' title='bbox 617 1593 952 1656; x_wconf 86' lang='lat' dir='ltr'><strong>columella</strong></span> <span class='ocrx_word' id='word_1_99' title='bbox 989 1593 1238 1656; x_wconf 75' lang='lat' dir='ltr'><strong>familiae</strong></span> <span class='ocrx_word' id='word_1_100' title='bbox 1281 1594 1584 1658; x_wconf 78' lang='lat' dir='ltr'><strong>servierat</strong></span> <span class='ocrx_word' id='word_1_101' title='bbox 1620 1594 1792 1682; x_wconf 89' lang='lat' dir='ltr'><strong>apud</strong></span> <span class='ocrx_word' id='word_1_102' title='bbox 1826 1595 2109 1680; x_wconf 85' lang='lat' dir='ltr'><strong>aliquem</strong></span> <span class='ocrx_word' id='word_1_103' title='bbox 2142 1595 2348 1683; x_wconf 85' lang='lat' dir='ltr'><strong>gentis</strong></span> <span class='ocrx_word' id='word_1_104' title='bbox 2373 1594 2612 1673; x_wconf 83' lang='lat' dir='ltr'><strong>Juniae,</strong></span> 
     </span>
     <span class='ocr_line' id='line_1_14' title="bbox 501 1698 2610 1787; baseline 0 -27"><span class='ocrx_word' id='word_1_105' title='bbox 501 1700 612 1784; x_wconf 88' lang='lat' dir='ltr'><strong>qui</strong></span> <span class='ocrx_word' id='word_1_106' title='bbox 648 1698 950 1787; x_wconf 85' lang='lat' dir='ltr'><strong>deinceps</strong></span> <span class='ocrx_word' id='word_1_107' title='bbox 985 1700 1419 1762; x_wconf 81' lang='lat' dir='ltr'><strong>manumissus</strong></span> <span class='ocrx_word' id='word_1_108' title='bbox 1436 1722 1473 1762; x_wconf 88' lang='lat' dir='ltr'><strong>a</strong></span> <span class='ocrx_word' id='word_1_109' title='bbox 1500 1699 1768 1763; x_wconf 88' lang='lat' dir='ltr'><strong>domino</strong></span> <span class='ocrx_word' id='word_1_110' title='bbox 1785 1747 1802 1780; x_wconf 92' lang='lat'><strong>,</strong></span> <span class='ocrx_word' id='word_1_111' title='bbox 1826 1699 2140 1787; x_wconf 84' lang='lat' dir='ltr'><strong>gentilitio</strong></span> <span class='ocrx_word' id='word_1_112' title='bbox 2168 1699 2304 1778; x_wconf 87' lang='lat' dir='ltr'><strong>ejus</strong></span> <span class='ocrx_word' id='word_1_113' title='bbox 2327 1699 2610 1776; x_wconf 91' lang='lat' dir='ltr'><strong>nomini,</strong></span> 
     </span>
     <span class='ocr_line' id='line_1_15' title="bbox 505 1801 2613 1890; baseline -0.001 -24"><span class='ocrx_word' id='word_1_114' title='bbox 505 1801 685 1890; x_wconf 89' lang='lat' dir='ltr'><strong>quod</strong></span> <span class='ocrx_word' id='word_1_115' title='bbox 713 1802 1052 1866; x_wconf 85' lang='lat' dir='ltr'><strong>adsumere</strong></span> <span class='ocrx_word' id='word_1_116' title='bbox 1089 1803 1299 1866; x_wconf 85' lang='lat' dir='ltr'><strong>liberti</strong></span> <span class='ocrx_word' id='word_1_117' title='bbox 1331 1803 1656 1884; x_wconf 86' lang='lat' dir='ltr'><strong>solebant,</strong></span> <span class='ocrx_word' id='word_1_118' title='bbox 1678 1803 2030 1868; x_wconf 69' lang='lat' dir='ltr'><strong>columellae</strong></span> <span class='ocrx_word' id='word_1_119' title='bbox 2056 1823 2416 1890; x_wconf 86' lang='lat' dir='ltr'><strong>cognomen</strong></span> <span class='ocrx_word' id='word_1_120' title='bbox 2440 1801 2613 1864; x_wconf 88' lang='lat' dir='ltr'><strong>addi-</strong></span> 
     </span>
     <span class='ocr_line' id='line_1_16' title="bbox 502 1904 2612 1996; baseline -0.001 -26"><span class='ocrx_word' id='word_1_121' title='bbox 502 1907 630 1988; x_wconf 83' lang='lat' dir='ltr'><strong>dit,</strong></span> <span class='ocrx_word' id='word_1_122' title='bbox 679 1908 1082 1996; x_wconf 84' lang='lat' dir='ltr'><strong>posterisque</strong></span> <span class='ocrx_word' id='word_1_123' title='bbox 1135 1909 1264 1972; x_wconf 86' lang='lat' dir='ltr'><strong>suis</strong></span> <span class='ocrx_word' id='word_1_124' title='bbox 1309 1908 1391 1973; x_wconf 90' lang='lat' dir='ltr'><strong>ad</strong></span> <span class='ocrx_word' id='word_1_125' title='bbox 1436 1907 1811 1972; x_wconf 86' lang='lat' dir='ltr'><strong>servandam</strong></span> <span class='ocrx_word' id='word_1_126' title='bbox 1860 1907 2171 1971; x_wconf 82' lang='lat' dir='ltr'><strong>libertinae</strong></span> <span class='ocrx_word' id='word_1_127' title='bbox 2224 1904 2612 1970; x_wconf 87' lang='lat' dir='ltr'><strong>conditionis</strong></span> 
     </span>
     <span class='ocr_line' id='line_1_17' title="bbox 505 2010 2612 2100; baseline 0 -26"><span class='ocrx_word' id='word_1_128' title='bbox 505 2013 880 2082; x_wconf 82' lang='lat' dir='ltr'><strong>memoriam</strong></span> <span class='ocrx_word' id='word_1_129' title='bbox 928 2014 1204 2100; x_wconf 86' lang='lat' dir='ltr'><strong>reliquit.</strong></span> <span class='ocrx_word' id='word_1_130' title='bbox 1259 2015 1470 2100; x_wconf 84' lang='lat' dir='ltr'><strong>Atque</strong></span> <span class='ocrx_word' id='word_1_131' title='bbox 1516 2011 1623 2074; x_wconf 88' lang='lat' dir='ltr'><strong>hic</strong></span> <span class='ocrx_word' id='word_1_132' title='bbox 1671 2013 1937 2076; x_wconf 86' lang='lat' dir='ltr'><strong>fortasse</strong></span> <span class='ocrx_word' id='word_1_133' title='bbox 1981 2011 2333 2076; x_wconf 84' lang='lat' dir='ltr'><em>Columella</em></span> <span class='ocrx_word' id='word_1_134' title='bbox 2380 2010 2612 2099; x_wconf 84' lang='lat' dir='ltr'><strong>magis,</strong></span> 
     </span>
     <span class='ocr_line' id='line_1_18' title="bbox 508 2115 2615 2206; baseline -0.001 -26"><span class='ocrx_word' id='word_1_135' title='bbox 508 2141 704 2204; x_wconf 86' lang='lat' dir='ltr'><strong>quam</strong></span> <span class='ocrx_word' id='word_1_136' title='bbox 745 2119 1095 2198; x_wconf 85' lang='lat' dir='ltr'><strong>Columna,</strong></span> <span class='ocrx_word' id='word_1_137' title='bbox 1132 2119 1575 2206; x_wconf 79' lang='lat' dir='ltr'><strong>cognominari</strong></span> <span class='ocrx_word' id='word_1_138' title='bbox 1608 2142 1643 2180; x_wconf 90' lang='lat' dir='ltr'><strong>e</strong></span> <span class='ocrx_word' id='word_1_139' title='bbox 1676 2116 1941 2204; x_wconf 88' lang='lat' dir='ltr'><strong>pristina</strong></span> <span class='ocrx_word' id='word_1_140' title='bbox 1974 2115 2343 2180; x_wconf 90' lang='lat' dir='ltr'><strong>conditione</strong></span> <span class='ocrx_word' id='word_1_141' title='bbox 2378 2116 2615 2197; x_wconf 87' lang='lat' dir='ltr'><strong>voluit,</strong></span> 
     </span>
     <span class='ocr_line' id='line_1_19' title="bbox 505 2221 2617 2311; baseline 0 -27"><span class='ocrx_word' id='word_1_142' title='bbox 505 2223 686 2310; x_wconf 89' lang='lat' dir='ltr'><strong>quod</strong></span> <span class='ocrx_word' id='word_1_143' title='bbox 722 2225 1015 2288; x_wconf 88' lang='lat' dir='ltr'><strong>universe</strong></span> <span class='ocrx_word' id='word_1_144' title='bbox 1058 2225 1226 2286; x_wconf 85' lang='lat' dir='ltr'><strong>cives</strong></span> <span class='ocrx_word' id='word_1_145' title='bbox 1261 2224 1535 2288; x_wconf 83' lang='lat' dir='ltr'><strong>Romani</strong></span> <span class='ocrx_word' id='word_1_146' title='bbox 1576 2223 1977 2287; x_wconf 86' lang='lat' dir='ltr'><strong>diminutivis</strong></span> <span class='ocrx_word' id='word_1_147' title='bbox 2014 2223 2080 2284; x_wconf 91' lang='lat' dir='ltr'><strong>in</strong></span> <span class='ocrx_word' id='word_1_148' title='bbox 2120 2221 2617 2311; x_wconf 83' lang='lat' dir='ltr'><strong>cognominibus</strong></span> 
     </span>
     <span class='ocr_line' id='line_1_20' title="bbox 508 2327 2620 2419; baseline 0 -28"><span class='ocrx_word' id='word_1_149' title='bbox 508 2327 851 2395; x_wconf 77' lang='lat' dir='ltr'><strong>effetendis</strong></span> <span class='ocrx_word' id='word_1_150' title='bbox 893 2327 1295 2419; x_wconf 83' lang='lat' dir='ltr'><strong>gauderent3</strong></span> <span class='ocrx_word' id='word_1_151' title='bbox 1340 2352 1533 2416; x_wconf 83' lang='lat' dir='ltr'><strong>quam</strong></span> <span class='ocrx_word' id='word_1_152' title='bbox 1593 2329 2125 2393; x_wconf 84' lang='lat' dir='ltr'><strong>consuetudinem</strong></span> <span class='ocrx_word' id='word_1_153' title='bbox 2168 2328 2293 2392; x_wconf 88' lang='lat' dir='ltr'><strong>Th.</strong></span> <span class='ocrx_word' id='word_1_154' title='bbox 2346 2327 2620 2391; x_wconf 86' lang='lat' dir='ltr'><strong>Crenius</strong></span> 
     </span>
     <span class='ocr_line' id='line_1_21' title="bbox 511 2432 2619 2522; baseline 0.001 -27"><span class='ocrx_word' id='word_1_155' title='bbox 511 2432 852 2497; x_wconf 84' lang='lat' dir='ltr'><strong>Animadv.</strong></span> <span class='ocrx_word' id='word_1_156' title='bbox 889 2434 1053 2497; x_wconf 88' lang='lat' dir='ltr'><strong>Phil.</strong></span> <span class='ocrx_word' id='word_1_157' title='bbox 1083 2434 1252 2498; x_wconf 88' lang='lat' dir='ltr'><strong>Part.</strong></span> <span class='ocrx_word' id='word_1_158' title='bbox 1289 2434 1348 2495; x_wconf 88' lang='lat' dir='ltr'>X</span> <span class='ocrx_word' id='word_1_159' title='bbox 1373 2482 1390 2513; x_wconf 95' lang='lat'><em>,</em></span> <span class='ocrx_word' id='word_1_160' title='bbox 1417 2456 1563 2522; x_wconf 85' lang='lat' dir='ltr'><strong>pag.</strong></span> <span class='ocrx_word' id='word_1_161' title='bbox 1594 2433 1710 2516; x_wconf 86' lang='lat'><strong>38,</strong></span> <span class='ocrx_word' id='word_1_162' title='bbox 1744 2458 1779 2497; x_wconf 90' lang='lat' dir='ltr'><strong>e</strong></span> <span class='ocrx_word' id='word_1_163' title='bbox 1816 2432 2119 2497; x_wconf 88' lang='lat' dir='ltr'><strong>similium</strong></span> <span class='ocrx_word' id='word_1_164' title='bbox 2154 2432 2619 2522; x_wconf 87' lang='lat' dir='ltr'><strong>cognominum</strong></span> 
     </span>
     <span class='ocr_line' id='line_1_22' title="bbox 513 2536 2625 2625; baseline 0.001 -26"><span class='ocrx_word' id='word_1_165' title='bbox 513 2539 818 2625; x_wconf 88' lang='lat' dir='ltr'><strong>exemplis</strong></span> <span class='ocrx_word' id='word_1_166' title='bbox 841 2588 858 2619; x_wconf 96' lang='lat'><em>,</em></span> <span class='ocrx_word' id='word_1_167' title='bbox 895 2540 1184 2620; x_wconf 80' lang='lat' dir='ltr'><em>Avioloe,</em></span> <span class='ocrx_word' id='word_1_168' title='bbox 1225 2538 1565 2619; x_wconf 82' lang='lat' dir='ltr'><em>Barbulae,</em></span> <span class='ocrx_word' id='word_1_169' title='bbox 1601 2536 1952 2623; x_wconf 65' lang='lat' dir='ltr'><strong>Caligulae,</strong></span> <span class='ocrx_word' id='word_1_170' title='bbox 2002 2538 2306 2625; x_wconf 83' lang='lat' dir='ltr'><strong>Capelloe,</strong></span> <span class='ocrx_word' id='word_1_171' title='bbox 2350 2536 2625 2617; x_wconf 81' lang='lat' dir='ltr'><strong>Catulli,</strong></span> 
     </span>
     <span class='ocr_line' id='line_1_23' title="bbox 515 2642 2622 2731; baseline 0.001 -26"><span class='ocrx_word' id='word_1_172' title='bbox 515 2642 567 2705; x_wconf 86' lang='lat' dir='ltr'><em>C</em></span> <span class='ocrx_word' id='word_1_173' title='bbox 563 2642 870 2729; x_wconf 61' lang='lat' dir='ltr'><strong>orniegclce</strong></span> <span class='ocrx_word' id='word_1_174' title='bbox 889 2693 907 2723; x_wconf 91' lang='lat'><em>,</em></span> <span class='ocrx_word' id='word_1_175' title='bbox 949 2644 1296 2707; x_wconf 68' lang='lat' dir='ltr'><strong>Dolabellae</strong></span> <span class='ocrx_word' id='word_1_176' title='bbox 1335 2644 1588 2731; x_wconf 88' lang='lat' dir='ltr'><strong>probat.</strong></span> <span class='ocrx_word' id='word_1_177' title='bbox 1635 2642 1861 2706; x_wconf 90' lang='lat' dir='ltr'><strong>Libros</strong></span> <span class='ocrx_word' id='word_1_178' title='bbox 1900 2667 2054 2708; x_wconf 89' lang='lat' dir='ltr'><strong>suos</strong></span> <span class='ocrx_word' id='word_1_179' title='bbox 2097 2643 2179 2708; x_wconf 91' lang='lat' dir='ltr'><strong>de</strong></span> <span class='ocrx_word' id='word_1_180' title='bbox 2224 2644 2316 2708; x_wconf 86' lang='lat' dir='ltr'><strong>Re</strong></span> <span class='ocrx_word' id='word_1_181' title='bbox 2349 2644 2583 2708; x_wconf 89' lang='lat' dir='ltr'><strong>rustica</strong></span> <span class='ocrx_word' id='word_1_182' title='bbox 2606 2692 2622 2724; x_wconf 93' lang='lat'>‚</span> 
     </span>
     <span class='ocr_line' id='line_1_24' title="bbox 510 2747 2625 2835; baseline 0.001 -27"><span class='ocrx_word' id='word_1_183' title='bbox 510 2747 830 2835; x_wconf 85' lang='lat' dir='ltr'><strong>sigillatim</strong></span> <span class='ocrx_word' id='word_1_184' title='bbox 863 2747 1188 2811; x_wconf 90' lang='lat' dir='ltr'><strong>decimum</strong></span> <span class='ocrx_word' id='word_1_185' title='bbox 1218 2747 1298 2811; x_wconf 89' lang='lat' dir='ltr'><strong>de</strong></span> <span class='ocrx_word' id='word_1_186' title='bbox 1332 2749 1533 2811; x_wconf 89' lang='lat' dir='ltr'><strong>Cultu</strong></span> <span class='ocrx_word' id='word_1_187' title='bbox 1562 2748 1935 2823; x_wconf 85' lang='lat' dir='ltr'><strong>hortorum,</strong></span> <span class='ocrx_word' id='word_1_188' title='bbox 1969 2749 2231 2813; x_wconf 86' lang='lat' dir='ltr'><strong>hortatu</strong></span> <span class='ocrx_word' id='word_1_189' title='bbox 2264 2748 2472 2811; x_wconf 89' lang='lat' dir='ltr'><strong>Publii</strong></span> <span class='ocrx_word' id='word_1_190' title='bbox 2504 2750 2625 2813; x_wconf 92' lang='lat' dir='ltr'><strong>Sil-</strong></span> 
     </span>
     <span class='ocr_line' id='line_1_25' title="bbox 509 2850 2624 2941; baseline 0.001 -28"><span class='ocrx_word' id='word_1_191' title='bbox 509 2852 642 2914; x_wconf 84' lang='lat' dir='ltr'><strong>vini</strong></span> <span class='ocrx_word' id='word_1_192' title='bbox 684 2852 968 2941; x_wconf 84' lang='lat' dir='ltr'><strong>scripsit,</strong></span> <span class='ocrx_word' id='word_1_193' title='bbox 1002 2852 1341 2938; x_wconf 86' lang='lat' dir='ltr'><strong>eidemque</strong></span> <span class='ocrx_word' id='word_1_194' title='bbox 1379 2850 1696 2915; x_wconf 87' lang='lat' dir='ltr'><strong>dedicavit</strong></span> <span class='ocrx_word' id='word_1_195' title='bbox 1734 2850 2131 2918; x_wconf 84' lang='lat' dir='ltr'><strong>Moderatus.</strong></span> <span class='ocrx_word' id='word_1_196' title='bbox 2184 2854 2317 2934; x_wconf 89' lang='lat' dir='ltr'><strong>Qui</strong></span> <span class='ocrx_word' id='word_1_197' title='bbox 2348 2853 2624 2917; x_wconf 85' lang='lat' dir='ltr'><strong>Silvinus</strong></span> 
     </span>
     <span class='ocr_line' id='line_1_26' title="bbox 515 2956 2626 3044; baseline 0 -23"><span class='ocrx_word' id='word_1_198' title='bbox 515 2980 642 3043; x_wconf 82' lang='lat' dir='ltr'><strong>qua</strong></span> <span class='ocrx_word' id='word_1_199' title='bbox 657 2956 1029 3021; x_wconf 89' lang='lat' dir='ltr'><strong>conditione</strong></span> <span class='ocrx_word' id='word_1_200' title='bbox 1054 2972 1118 3019; x_wconf 88' lang='lat' dir='ltr'><strong>et</strong></span> <span class='ocrx_word' id='word_1_201' title='bbox 1141 2958 1401 3020; x_wconf 82' lang='lat' dir='ltr'><strong>fortuna</strong></span> <span class='ocrx_word' id='word_1_202' title='bbox 1417 2956 1645 3020; x_wconf 78' lang='lat' dir='ltr'><strong>vixerit</strong></span> <span class='ocrx_word' id='word_1_203' title='bbox 1662 3005 1681 3037; x_wconf 91' lang='lat'><strong>,</strong></span> <span class='ocrx_word' id='word_1_204' title='bbox 1703 2980 1779 3021; x_wconf 84' lang='lat' dir='ltr'><strong>ex</strong></span> <span class='ocrx_word' id='word_1_205' title='bbox 1800 2958 1933 3044; x_wconf 89' lang='lat' dir='ltr'><strong>ipsa</strong></span> <span class='ocrx_word' id='word_1_206' title='bbox 1958 2956 2323 3021; x_wconf 83' lang='lat' dir='ltr'><strong>Columellae</strong></span> <span class='ocrx_word' id='word_1_207' title='bbox 2336 2958 2626 3021; x_wconf 88' lang='lat' dir='ltr'><strong>oratione</strong></span> 
     </span>
     <span class='ocr_line' id='line_1_27' title="bbox 515 3058 2629 3149; baseline 0.001 -26"><span class='ocrx_word' id='word_1_208' title='bbox 515 3064 600 3125; x_wconf 90' lang='lat' dir='ltr'><strong>ita</strong></span> <span class='ocrx_word' id='word_1_209' title='bbox 631 3085 764 3125; x_wconf 87' lang='lat' dir='ltr'><strong>non</strong></span> <span class='ocrx_word' id='word_1_210' title='bbox 791 3060 1081 3147; x_wconf 86' lang='lat' dir='ltr'><strong>adparet,</strong></span> <span class='ocrx_word' id='word_1_211' title='bbox 1107 3077 1180 3123; x_wconf 88' lang='lat' dir='ltr'><strong>ut</strong></span> <span class='ocrx_word' id='word_1_212' title='bbox 1201 3076 1376 3123; x_wconf 89' lang='lat' dir='ltr'><strong>certo</strong></span> <span class='ocrx_word' id='word_1_213' title='bbox 1399 3058 1735 3131; x_wconf 86' lang='lat' dir='ltr'><strong>adfirmare</strong></span> <span class='ocrx_word' id='word_1_214' title='bbox 1762 3064 2100 3149; x_wconf 87' lang='lat' dir='ltr'><strong>possimus.</strong></span> <span class='ocrx_word' id='word_1_215' title='bbox 2132 3062 2469 3125; x_wconf 87' lang='lat' dir='ltr'><strong>Decimum</strong></span> <span class='ocrx_word' id='word_1_216' title='bbox 2492 3063 2629 3149; x_wconf 89' lang='lat' dir='ltr'><strong>qui-</strong></span> 
     </span>
     <span class='ocr_line' id='line_1_28' title="bbox 519 3164 2626 3254; baseline 0.001 -25"><span class='ocrx_word' id='word_1_217' title='bbox 519 3164 664 3229; x_wconf 85' lang='lat' dir='ltr'><strong>dem</strong></span> <span class='ocrx_word' id='word_1_218' title='bbox 699 3165 935 3229; x_wconf 85' lang='lat' dir='ltr'><strong>librum</strong></span> <span class='ocrx_word' id='word_1_219' title='bbox 975 3188 1164 3253; x_wconf 85' lang='lat' dir='ltr'><strong>prosa</strong></span> <span class='ocrx_word' id='word_1_220' title='bbox 1200 3166 1523 3248; x_wconf 87' lang='lat' dir='ltr'><strong>oratione,</strong></span> <span class='ocrx_word' id='word_1_221' title='bbox 1560 3185 1634 3231; x_wconf 91' lang='lat' dir='ltr'><strong>ut</strong></span> <span class='ocrx_word' id='word_1_222' title='bbox 1672 3185 1963 3247; x_wconf 87' lang='lat' dir='ltr'><strong>caeteros,</strong></span> <span class='ocrx_word' id='word_1_223' title='bbox 2012 3164 2404 3254; x_wconf 85' lang='lat' dir='ltr'><strong>perscribere</strong></span> <span class='ocrx_word' id='word_1_224' title='bbox 2446 3167 2626 3231; x_wconf 89' lang='lat' dir='ltr'><strong>insti·</strong></span> 
     </span>
     <span class='ocr_line' id='line_1_29' title="bbox 521 3268 2631 3359; baseline 0.002 -28"><span class='ocrx_word' id='word_1_225' title='bbox 521 3286 762 3349; x_wconf 88' lang='lat' dir='ltr'><strong>tuerat,</strong></span> <span class='ocrx_word' id='word_1_226' title='bbox 815 3268 924 3333; x_wconf 90' lang='lat' dir='ltr'><strong>sed</strong></span> <span class='ocrx_word' id='word_1_227' title='bbox 973 3270 1295 3357; x_wconf 80' lang='lat' dir='ltr'><strong>frequenti</strong></span> <span class='ocrx_word' id='word_1_228' title='bbox 1343 3272 1777 3358; x_wconf 89' lang='lat' dir='ltr'><strong>postulatione</strong></span> <span class='ocrx_word' id='word_1_229' title='bbox 1820 3271 2038 3334; x_wconf 88' lang='lat' dir='ltr'><strong>Silvini</strong></span> <span class='ocrx_word' id='word_1_230' title='bbox 2086 3286 2523 3359; x_wconf 83' lang='lat' dir='ltr'><strong>expugnatum</strong></span> <span class='ocrx_word' id='word_1_231' title='bbox 2564 3294 2631 3335; x_wconf 87' lang='lat' dir='ltr'><strong>se</strong></span> 
     </span>
     <span class='ocr_line' id='line_1_30' title="bbox 517 3374 2629 3464; baseline 0.001 -27"><span class='ocrx_word' id='word_1_232' title='bbox 517 3375 673 3437; x_wconf 89' lang='lat' dir='ltr'><strong>dicit</strong></span> <span class='ocrx_word' id='word_1_233' title='bbox 702 3374 792 3461; x_wconf 88' lang='lat' dir='ltr'><strong>(in</strong></span> <span class='ocrx_word' id='word_1_234' title='bbox 829 3376 1011 3447; x_wconf 75' lang='lat' dir='ltr'><strong>Praef.</strong></span> <span class='ocrx_word' id='word_1_235' title='bbox 1050 3374 1132 3439; x_wconf 84' lang='lat' dir='ltr'><strong>ad</strong></span> <span class='ocrx_word' id='word_1_236' title='bbox 1155 3376 1262 3440; x_wconf 87' lang='lat' dir='ltr'><strong>lib.</strong></span> <span class='ocrx_word' id='word_1_237' title='bbox 1289 3375 1413 3459; x_wconf 88' lang='lat' dir='ltr'><strong>X),</strong></span> <span class='ocrx_word' id='word_1_238' title='bbox 1437 3392 1511 3439; x_wconf 89' lang='lat' dir='ltr'><strong>ut</strong></span> <span class='ocrx_word' id='word_1_239' title='bbox 1536 3376 1797 3462; x_wconf 89' lang='lat' dir='ltr'><strong>poeticis</strong></span> <span class='ocrx_word' id='word_1_240' title='bbox 1822 3376 2105 3439; x_wconf 86' lang='lat' dir='ltr'><strong>numeris</strong></span> <span class='ocrx_word' id='word_1_241' title='bbox 2130 3376 2380 3464; x_wconf 81' lang='lat' dir='ltr'><strong>explere</strong></span> <span class='ocrx_word' id='word_1_242' title='bbox 2401 3375 2629 3464; x_wconf 83' lang='lat' dir='ltr'><strong>adgre-</strong></span> 
     </span>
     <span class='ocr_line' id='line_1_31' title="bbox 516 3478 2632 3569; baseline 0.001 -28"><span class='ocrx_word' id='word_1_243' title='bbox 516 3479 778 3542; x_wconf 90' lang='lat' dir='ltr'><strong>deretur</strong></span> <span class='ocrx_word' id='word_1_244' title='bbox 813 3478 1108 3568; x_wconf 81' lang='lat' dir='ltr'><strong>Georgici</strong></span> <span class='ocrx_word' id='word_1_245' title='bbox 1145 3480 1442 3543; x_wconf 87' lang='lat' dir='ltr'><strong>carminis</strong></span> <span class='ocrx_word' id='word_1_246' title='bbox 1475 3482 1741 3544; x_wconf 85' lang='lat' dir='ltr'><strong>omissas</strong></span> <span class='ocrx_word' id='word_1_247' title='bbox 1784 3496 2025 3566; x_wconf 88' lang='lat' dir='ltr'><strong>partes,</strong></span> <span class='ocrx_word' id='word_1_248' title='bbox 2068 3503 2225 3567; x_wconf 88' lang='lat' dir='ltr'><strong>quas</strong></span> <span class='ocrx_word' id='word_1_249' title='bbox 2258 3481 2392 3569; x_wconf 88' lang='lat' dir='ltr'><strong>ipse</strong></span> <span class='ocrx_word' id='word_1_250' title='bbox 2420 3482 2632 3569; x_wconf 83' lang='lat' dir='ltr'><strong>Virgi-</strong></span> 
     </span>
     <span class='ocr_line' id='line_1_32' title="bbox 523 3584 2629 3675; baseline 0 -28"><span class='ocrx_word' id='word_1_251' title='bbox 523 3586 644 3647; x_wconf 89' lang='lat' dir='ltr'><strong>lius</strong></span> <span class='ocrx_word' id='word_1_252' title='bbox 673 3584 1132 3675; x_wconf 77' lang='lat' dir='ltr'><strong>significaverat</strong></span> <span class='ocrx_word' id='word_1_253' title='bbox 1150 3634 1168 3667; x_wconf 93' lang='lat'><strong>,</strong></span> <span class='ocrx_word' id='word_1_254' title='bbox 1199 3586 1469 3674; x_wconf 86' lang='lat' dir='ltr'><strong>posteris</strong></span> <span class='ocrx_word' id='word_1_255' title='bbox 1502 3602 1651 3671; x_wconf 87' lang='lat' dir='ltr'><strong>post</strong></span> <span class='ocrx_word' id='word_1_256' title='bbox 1682 3607 1748 3648; x_wconf 91' lang='lat' dir='ltr'><strong>se</strong></span> <span class='ocrx_word' id='word_1_257' title='bbox 1776 3586 2219 3651; x_wconf 86' lang='lat' dir='ltr'><strong>memorandas</strong></span> <span class='ocrx_word' id='word_1_258' title='bbox 2252 3588 2629 3675; x_wconf 89' lang='lat' dir='ltr'><strong>relinquere.</strong></span> 
     </span>
     <span class='ocr_line' id='line_1_33' title="bbox 527 3690 2629 3779; baseline 0.001 -26"><span class='ocrx_word' id='word_1_259' title='bbox 527 3690 828 3770; x_wconf 88' lang='lat' dir='ltr'><strong>Ejusdem</strong></span> <span class='ocrx_word' id='word_1_260' title='bbox 855 3708 1068 3755; x_wconf 88' lang='lat' dir='ltr'><strong>tamen</strong></span> <span class='ocrx_word' id='word_1_261' title='bbox 1101 3691 1411 3779; x_wconf 86' lang='lat' dir='ltr'><strong>propositi</strong></span> <span class='ocrx_word' id='word_1_262' title='bbox 1441 3690 1837 3753; x_wconf 90' lang='lat' dir='ltr'><strong>hortatorem</strong></span> <span class='ocrx_word' id='word_1_263' title='bbox 1868 3692 1988 3755; x_wconf 89' lang='lat' dir='ltr'><strong>sibi</strong></span> <span class='ocrx_word' id='word_1_264' title='bbox 2020 3692 2217 3755; x_wconf 82' lang='lat' dir='ltr'><strong>fuisse</strong></span> <span class='ocrx_word' id='word_1_265' title='bbox 2241 3694 2629 3769; x_wconf 87' lang='lat' dir='ltr'><strong>Gallionem,</strong></span> 
     </span>
    </p>
   </div>
   <div class='ocr_carea' id='block_1_3' title="bbox 519 3846 2635 4101">
    <p class='ocr_par' dir='ltr' id='par_1_3' title="bbox 519 3846 2635 4101">
     <span class='ocr_line' id='line_1_34' title="bbox 585 3846 2631 3918; baseline -0.001 -18"><span class='ocrx_word' id='word_1_266' title='bbox 585 3852 662 3915; x_wconf 86' lang='lat'><strong>(1)</strong></span> <span class='ocrx_word' id='word_1_267' title='bbox 697 3850 798 3902; x_wconf 88' lang='lat' dir='ltr'><strong>Sed</strong></span> <span class='ocrx_word' id='word_1_268' title='bbox 824 3850 1076 3903; x_wconf 81' lang='lat' dir='ltr'><strong>memoria</strong></span> <span class='ocrx_word' id='word_1_269' title='bbox 1103 3848 1278 3918; x_wconf 78' lang='lat' dir='ltr'><strong>lapsus</strong></span> <span class='ocrx_word' id='word_1_270' title='bbox 1297 3846 1509 3899; x_wconf 79' lang='lat' dir='ltr'><strong>videtur</strong></span> <span class='ocrx_word' id='word_1_271' title='bbox 1530 3846 1953 3901; x_wconf 76' lang='lat' dir='ltr'><strong>Wemsdorfius.</strong></span> <span class='ocrx_word' id='word_1_272' title='bbox 1994 3848 2061 3899; x_wconf 85' lang='lat' dir='ltr'><strong>Hi</strong></span> <span class='ocrx_word' id='word_1_273' title='bbox 2098 3849 2235 3901; x_wconf 76' lang='lat' dir='ltr'><strong>enim</strong></span> <span class='ocrx_word' id='word_1_274' title='bbox 2262 3861 2382 3902; x_wconf 81' lang='lat' dir='ltr'><strong>sunt</strong></span> <span class='ocrx_word' id='word_1_275' title='bbox 2400 3846 2631 3899; x_wconf 84' lang='lat' dir='ltr'><strong>Terentii</strong></span> 
     </span>
     <span class='ocr_line' id='line_1_35' title="bbox 519 3932 2635 3998; baseline 0 -13"><span class='ocrx_word' id='word_1_276' title='bbox 519 3954 698 3987; x_wconf 71' lang='lat' dir='ltr'><strong>versus</strong></span> <span class='ocrx_word' id='word_1_277' title='bbox 717 3954 728 3985; x_wconf 93' lang='lat'>:</span> <span class='ocrx_word' id='word_1_278' title='bbox 751 3962 774 3981; x_wconf 71' lang='grc' dir='ltr'><strong><em>κ</em></strong></span> <span class='ocrx_word' id='word_1_279' title='bbox 789 3936 932 3989; x_wconf 87' lang='lat' dir='ltr'><strong>Bone</strong></span> <span class='ocrx_word' id='word_1_280' title='bbox 950 3948 1124 3988; x_wconf 81' lang='lat' dir='ltr'><strong>custos</strong></span> <span class='ocrx_word' id='word_1_281' title='bbox 1142 3936 1304 3998; x_wconf 70' lang='lat' dir='ltr'><strong>salve,</strong></span> <span class='ocrx_word' id='word_1_282' title='bbox 1327 3934 1571 3987; x_wconf 81' lang='lat' dir='ltr'><strong>columen</strong></span> <span class='ocrx_word' id='word_1_283' title='bbox 1598 3932 1827 3997; x_wconf 66' lang='lat' dir='ltr'><strong>familie,</strong></span> <span class='ocrx_word' id='word_1_284' title='bbox 1846 3937 1945 3988; x_wconf 86' lang='lat' dir='ltr'><strong>Cui</strong></span> <span class='ocrx_word' id='word_1_285' title='bbox 1964 3936 2300 3989; x_wconf 80' lang='lat' dir='ltr'><strong>commodavi</strong></span> <span class='ocrx_word' id='word_1_286' title='bbox 2324 3934 2491 3987; x_wconf 80' lang='lat' dir='ltr'><strong>fllium</strong></span> <span class='ocrx_word' id='word_1_287' title='bbox 2512 3932 2635 3985; x_wconf 80' lang='lat' dir='ltr'><strong>hinc</strong></span> 
     </span>
     <span class='ocr_line' id='line_1_36' title="bbox 521 4023 1076 4101; baseline 0 -26"><span class='ocrx_word' id='word_1_288' title='bbox 521 4023 701 4101; x_wconf 81' lang='lat' dir='ltr'><strong>abiens</strong></span> <span class='ocrx_word' id='word_1_289' title='bbox 726 4042 897 4075; x_wconf 83' lang='lat' dir='ltr'><strong>meum</strong></span> <span class='ocrx_word' id='word_1_290' title='bbox 917 4050 955 4073; x_wconf 75' lang='grc' dir='ltr'><strong>ι.</strong></span> <span class='ocrx_word' id='word_1_291' title='bbox 977 4024 1076 4075; x_wconf 81' lang='lat' dir='ltr'><strong>En.</strong></span> 
     </span>
    </p>
   </div>
   <div class='ocr_carea' id='block_1_4' title="bbox 2907 50 2918 576">
    <p class='ocr_par' dir='ltr' id='par_1_4' title="bbox 2907 50 2918 576">
     <span class='ocr_line' id='line_1_37' title="bbox 2907 50 2918 576; baseline 0 0"><span class='ocrx_word' id='word_1_292' title='bbox 2907 50 2918 576; x_wconf 95' lang='lat' dir='ltr'><strong> </strong></span> 
     </span>
    </p>
   </div>
  </div>
 </body>
</html>
