<?xml version="1.0" encoding="UTF-8"?>
<!DOCTYPE html PUBLIC "-//W3C//DTD XHTML 1.0 Transitional//EN"
    "http://www.w3.org/TR/xhtml1/DTD/xhtml1-transitional.dtd">
<html xmlns="http://www.w3.org/1999/xhtml" xml:lang="en" lang="en">
 <head>
  <title>
</title>
<meta http-equiv="Content-Type" content="text/html;charset=utf-8" />
  <meta name='ocr-system' content='tesseract 3.04.00' />
  <meta name='ocr-capabilities' content='ocr_page ocr_carea ocr_par ocr_line ocrx_word'/>
</head>
<body>
  <div class='ocr_page' id='page_1' title='image "./poetaelatinimin02unkngoog_0329.png"; bbox 0 0 2964 4690; ppageno 0'>
   <div class='ocr_carea' id='block_1_1' title="bbox 523 373 1902 447">
    <p class='ocr_par' dir='ltr' id='par_1_1' title="bbox 523 373 1902 447">
     <span class='ocr_line' id='line_1_1' title="bbox 523 373 1902 447; baseline -0.004 -1"><span class='ocrx_word' id='word_1_1' title='bbox 523 376 659 447; x_wconf 80' lang='lat'><strong>320</strong></span> <span class='ocrx_word' id='word_1_2' title='bbox 1264 373 1902 443; x_wconf 79' lang='lat' dir='ltr'>PROOEMIUM</span> 
     </span>
    </p>
   </div>
   <div class='ocr_carea' id='block_1_2' title="bbox 516 502 2660 1861">
    <p class='ocr_par' dir='ltr' id='par_1_2' title="bbox 516 502 2660 1861">
     <span class='ocr_line' id='line_1_2' title="bbox 516 502 2644 595; baseline 0 -25"><span class='ocrx_word' id='word_1_3' title='bbox 516 505 683 595; x_wconf 79' lang='lat' dir='ltr'><strong>posii</strong></span> <span class='ocrx_word' id='word_1_4' title='bbox 708 503 1145 588; x_wconf 76' lang='lat' dir='ltr'><strong>describebat,</strong></span> <span class='ocrx_word' id='word_1_5' title='bbox 1172 504 1608 590; x_wconf 85' lang='lat' dir='ltr'><strong>compositum</strong></span> <span class='ocrx_word' id='word_1_6' title='bbox 1635 503 1734 591; x_wconf 78' lang='grc' dir='ltr'><strong>(ι)</strong></span> <span class='ocrx_word' id='word_1_7' title='bbox 1750 552 1767 584; x_wconf 88' lang='grc'><strong>,</strong></span> <span class='ocrx_word' id='word_1_8' title='bbox 1791 502 1904 591; x_wconf 86' lang='lat' dir='ltr'><strong>qui</strong></span> <span class='ocrx_word' id='word_1_9' title='bbox 1921 548 1940 584; x_wconf 86' lang='lat'><strong>,</strong></span> <span class='ocrx_word' id='word_1_10' title='bbox 1975 525 2058 566; x_wconf 89' lang='lat' dir='ltr'><strong>ne</strong></span> <span class='ocrx_word' id='word_1_11' title='bbox 2085 504 2422 569; x_wconf 85' lang='lat' dir='ltr'><strong>inventum</strong></span> <span class='ocrx_word' id='word_1_12' title='bbox 2449 528 2644 571; x_wconf 87' lang='lat' dir='ltr'><strong>suum</strong></span> 
     </span>
     <span class='ocr_line' id='line_1_3' title="bbox 517 607 2648 701; baseline -0 -26"><span class='ocrx_word' id='word_1_13' title='bbox 517 612 929 701; x_wconf 84' lang='lat' dir='ltr'><strong>ingeniosum</strong></span> <span class='ocrx_word' id='word_1_14' title='bbox 966 608 1240 695; x_wconf 85' lang='lat' dir='ltr'><strong>periret,</strong></span> <span class='ocrx_word' id='word_1_15' title='bbox 1274 630 1395 673; x_wconf 86' lang='lat' dir='ltr'><strong>nec</strong></span> <span class='ocrx_word' id='word_1_16' title='bbox 1424 631 1694 697; x_wconf 81' lang='lat' dir='ltr'>peregre</span> <span class='ocrx_word' id='word_1_17' title='bbox 1723 607 2018 673; x_wconf 87' lang='lat' dir='ltr'><strong>additum</strong></span> <span class='ocrx_word' id='word_1_18' title='bbox 2053 608 2412 691; x_wconf 79' lang='lat' dir='ltr'><strong>videretur,</strong></span> <span class='ocrx_word' id='word_1_19' title='bbox 2444 611 2604 675; x_wconf 84' lang='lat' dir='ltr'><strong>illud</strong></span> <span class='ocrx_word' id='word_1_20' title='bbox 2626 660 2648 691; x_wconf 93' lang='lat'><strong>,</strong></span> 
     </span>
     <span class='ocr_line' id='line_1_4' title="bbox 520 712 2653 803; baseline -0.002 -20"><span class='ocrx_word' id='word_1_21' title='bbox 520 717 727 797; x_wconf 85' lang='lat' dir='ltr'><strong>ejecto</strong></span> <span class='ocrx_word' id='word_1_22' title='bbox 758 714 1111 778; x_wconf 87' lang='lat' dir='ltr'><strong>centesimo</strong></span> <span class='ocrx_word' id='word_1_23' title='bbox 1140 712 1478 801; x_wconf 68' lang='lat' dir='ltr'><strong>aenigmate</strong></span> <span class='ocrx_word' id='word_1_24' title='bbox 1513 714 1594 777; x_wconf 81' lang='lat' dir='ltr'><strong>de</strong></span> <span class='ocrx_word' id='word_1_25' title='bbox 1627 714 1898 793; x_wconf 79' lang='lat' dir='ltr'><strong>Cuculo‚</strong></span> <span class='ocrx_word' id='word_1_26' title='bbox 1936 715 2003 777; x_wconf 90' lang='lat' dir='ltr'><strong>in</strong></span> <span class='ocrx_word' id='word_1_27' title='bbox 2041 714 2180 794; x_wconf 84' lang='lat' dir='ltr'><strong>ejus</strong></span> <span class='ocrx_word' id='word_1_28' title='bbox 2213 715 2430 779; x_wconf 86' lang='lat' dir='ltr'><strong>locum</strong></span> <span class='ocrx_word' id='word_1_29' title='bbox 2465 738 2653 803; x_wconf 90' lang='lat' dir='ltr'><strong>repo-</strong></span> 
     </span>
     <span class='ocr_line' id='line_1_5' title="bbox 518 818 2652 909; baseline 0 -24"><span class='ocrx_word' id='word_1_30' title='bbox 518 822 735 887; x_wconf 82' lang='lat' dir='ltr'><strong>nebat.</strong></span> <span class='ocrx_word' id='word_1_31' title='bbox 768 821 863 883; x_wconf 85' lang='lat' dir='ltr'><strong>Ita</strong></span> <span class='ocrx_word' id='word_1_32' title='bbox 896 818 1095 883; x_wconf 85' lang='lat' dir='ltr'><strong>semel</strong></span> <span class='ocrx_word' id='word_1_33' title='bbox 1127 835 1387 909; x_wconf 86' lang='lat' dir='ltr'><strong>recepto</strong></span> <span class='ocrx_word' id='word_1_34' title='bbox 1416 842 1497 885; x_wconf 92' lang='lat' dir='ltr'><strong>eo</strong></span> <span class='ocrx_word' id='word_1_35' title='bbox 1531 820 1600 883; x_wconf 90' lang='lat' dir='ltr'><strong>in</strong></span> <span class='ocrx_word' id='word_1_36' title='bbox 1636 842 1986 885; x_wconf 89' lang='lat' dir='ltr'><strong>numerum</strong></span> <span class='ocrx_word' id='word_1_37' title='bbox 2006 869 2025 901; x_wconf 90' lang='lat'>‚</span> <span class='ocrx_word' id='word_1_38' title='bbox 2061 822 2230 885; x_wconf 85' lang='lat' dir='ltr'><strong>forte</strong></span> <span class='ocrx_word' id='word_1_39' title='bbox 2259 821 2422 885; x_wconf 85' lang='lat' dir='ltr'><strong>alius</strong></span> <span class='ocrx_word' id='word_1_40' title='bbox 2457 822 2652 886; x_wconf 88' lang='lat' dir='ltr'><strong>libra-</strong></span> 
     </span>
     <span class='ocr_line' id='line_1_6' title="bbox 520 923 2652 1015; baseline -0.001 -22"><span class='ocrx_word' id='word_1_41' title='bbox 520 928 655 993; x_wconf 87' lang='lat' dir='ltr'><strong>rius</strong></span> <span class='ocrx_word' id='word_1_42' title='bbox 676 974 695 1007; x_wconf 91' lang='lat'>‚</span> <span class='ocrx_word' id='word_1_43' title='bbox 743 923 1041 989; x_wconf 84' lang='lat' dir='ltr'>ordinem</span> <span class='ocrx_word' id='word_1_44' title='bbox 1090 940 1157 988; x_wconf 87' lang='lat' dir='ltr'><strong>et</strong></span> <span class='ocrx_word' id='word_1_45' title='bbox 1199 926 1429 991; x_wconf 87' lang='lat' dir='ltr'><strong>seriem</strong></span> <span class='ocrx_word' id='word_1_46' title='bbox 1482 942 1740 991; x_wconf 85' lang='lat' dir='ltr'><strong>mutans</strong></span> <span class='ocrx_word' id='word_1_47' title='bbox 1783 926 2198 1015; x_wconf 72' lang='lat' dir='ltr'><strong>aenigmatum</strong></span> <span class='ocrx_word' id='word_1_48' title='bbox 2221 976 2242 1003; x_wconf 86' lang='lat'>‚</span> <span class='ocrx_word' id='word_1_49' title='bbox 2273 942 2450 991; x_wconf 83' lang='lat' dir='ltr'><strong>retro</strong></span> <span class='ocrx_word' id='word_1_50' title='bbox 2485 926 2652 991; x_wconf 86' lang='lat' dir='ltr'><strong>illud</strong></span> 
     </span>
     <span class='ocr_line' id='line_1_7' title="bbox 518 1029 2652 1124; baseline -0 -26"><span class='ocrx_word' id='word_1_51' title='bbox 518 1029 1033 1124; x_wconf 63' lang='lat' dir='ltr'><strong>praecedentibus</strong></span> <span class='ocrx_word' id='word_1_52' title='bbox 1062 1030 1413 1095; x_wconf 74' lang='lat' dir='ltr'><strong>immiscuit</strong></span> <span class='ocrx_word' id='word_1_53' title='bbox 1430 1080 1449 1112; x_wconf 90' lang='lat'><strong>,</strong></span> <span class='ocrx_word' id='word_1_54' title='bbox 1480 1048 1550 1096; x_wconf 88' lang='lat' dir='ltr'><strong>et</strong></span> <span class='ocrx_word' id='word_1_55' title='bbox 1575 1054 1852 1097; x_wconf 86' lang='lat' dir='ltr'><strong>numero</strong></span> <span class='ocrx_word' id='word_1_56' title='bbox 1879 1032 2094 1097; x_wconf 86' lang='lat' dir='ltr'>XCIV</span> <span class='ocrx_word' id='word_1_57' title='bbox 2119 1032 2486 1114; x_wconf 79' lang='lat' dir='ltr'><strong>collocavit,</strong></span> <span class='ocrx_word' id='word_1_58' title='bbox 2511 1054 2652 1120; x_wconf 87' lang='lat' dir='ltr'><strong>quo</strong></span> 
     </span>
     <span class='ocr_line' id='line_1_8' title="bbox 520 1134 2652 1226; baseline -0.002 -21"><span class='ocrx_word' id='word_1_59' title='bbox 520 1160 797 1206; x_wconf 86' lang='lat' dir='ltr'><strong>numero</strong></span> <span class='ocrx_word' id='word_1_60' title='bbox 838 1136 1076 1225; x_wconf 85' lang='lat' dir='ltr'><strong>legitur</strong></span> <span class='ocrx_word' id='word_1_61' title='bbox 1115 1134 1187 1199; x_wconf 86' lang='lat' dir='ltr'><strong>in</strong></span> <span class='ocrx_word' id='word_1_62' title='bbox 1226 1136 1640 1201; x_wconf 87' lang='lat' dir='ltr'><strong>Castalioneis</strong></span> <span class='ocrx_word' id='word_1_63' title='bbox 1681 1138 1950 1225; x_wconf 84' lang='lat' dir='ltr'><strong>ejusque</strong></span> <span class='ocrx_word' id='word_1_64' title='bbox 1993 1136 2379 1226; x_wconf 78' lang='lat' dir='ltr'><strong>sequacibus</strong></span> <span class='ocrx_word' id='word_1_65' title='bbox 2413 1137 2652 1202; x_wconf 88' lang='lat' dir='ltr'><strong>editio-</strong></span> 
     </span>
     <span class='ocr_line' id='line_1_9' title="bbox 520 1242 2655 1332; baseline -0.001 -23"><span class='ocrx_word' id='word_1_66' title='bbox 520 1246 735 1310; x_wconf 84' lang='lat' dir='ltr'><strong>nibus.</strong></span> <span class='ocrx_word' id='word_1_67' title='bbox 797 1243 939 1331; x_wconf 80' lang='lat' dir='ltr'><strong>Ego</strong></span> <span class='ocrx_word' id='word_1_68' title='bbox 995 1264 1149 1305; x_wconf 82' lang='lat' dir='ltr'><strong>vero</strong></span> <span class='ocrx_word' id='word_1_69' title='bbox 1203 1242 1566 1307; x_wconf 87' lang='lat' dir='ltr'><strong>rationibus</strong></span> <span class='ocrx_word' id='word_1_70' title='bbox 1629 1243 1730 1307; x_wconf 87' lang='lat' dir='ltr'><strong>his</strong></span> <span class='ocrx_word' id='word_1_71' title='bbox 1783 1260 2122 1332; x_wconf 86' lang='lat' dir='ltr'><strong>permotus</strong></span> <span class='ocrx_word' id='word_1_72' title='bbox 2173 1242 2655 1307; x_wconf 85' lang='lat' dir='ltr'><strong>restituendum</strong></span> 
     </span>
     <span class='ocr_line' id='line_1_10' title="bbox 522 1345 2658 1440; baseline -0.002 -24"><span class='ocrx_word' id='word_1_73' title='bbox 522 1350 826 1440; x_wconf 87' lang='lat' dir='ltr'><strong>AEnigma</strong></span> <span class='ocrx_word' id='word_1_74' title='bbox 866 1348 945 1411; x_wconf 83' lang='lat' dir='ltr'><strong>de</strong></span> <span class='ocrx_word' id='word_1_75' title='bbox 990 1345 1228 1413; x_wconf 82' lang='lat' dir='ltr'><strong>Cuculo</strong></span> <span class='ocrx_word' id='word_1_76' title='bbox 1244 1396 1265 1429; x_wconf 89' lang='lat'><strong>,</strong></span> <span class='ocrx_word' id='word_1_77' title='bbox 1316 1364 1383 1413; x_wconf 83' lang='lat' dir='ltr'><strong>et</strong></span> <span class='ocrx_word' id='word_1_78' title='bbox 1419 1349 1568 1427; x_wconf 84' lang='lat' dir='ltr'><strong>loco</strong></span> <span class='ocrx_word' id='word_1_79' title='bbox 1606 1350 1964 1427; x_wconf 71' lang='lat' dir='ltr'><strong>centesimo</strong></span> <span class='ocrx_word' id='word_1_80' title='bbox 1982 1396 2002 1431; x_wconf 89' lang='lat'><strong>‚</strong></span> <span class='ocrx_word' id='word_1_81' title='bbox 2045 1350 2152 1413; x_wconf 88' lang='lat' dir='ltr'><strong>cui</strong></span> <span class='ocrx_word' id='word_1_82' title='bbox 2183 1348 2458 1415; x_wconf 87' lang='lat' dir='ltr'><strong>debetur</strong></span> <span class='ocrx_word' id='word_1_83' title='bbox 2477 1397 2496 1432; x_wconf 90' lang='lat'><strong>,</strong></span> <span class='ocrx_word' id='word_1_84' title='bbox 2527 1372 2658 1437; x_wconf 89' lang='lat' dir='ltr'><strong>po-</strong></span> 
     </span>
     <span class='ocr_line' id='line_1_11' title="bbox 522 1450 2655 1541; baseline -0.001 -20"><span class='ocrx_word' id='word_1_85' title='bbox 522 1455 814 1525; x_wconf 88' lang='lat' dir='ltr'><strong>nendum</strong></span> <span class='ocrx_word' id='word_1_86' title='bbox 858 1454 1115 1541; x_wconf 81' lang='lat' dir='ltr'><strong>putavi3</strong></span> <span class='ocrx_word' id='word_1_87' title='bbox 1152 1450 1313 1519; x_wconf 89' lang='lat' dir='ltr'><strong>illud</strong></span> <span class='ocrx_word' id='word_1_88' title='bbox 1356 1471 1584 1519; x_wconf 85' lang='lat' dir='ltr'><strong>contra</strong></span> <span class='ocrx_word' id='word_1_89' title='bbox 1631 1454 2109 1520; x_wconf 86' lang='lat' dir='ltr'><strong>arithmeticum</strong></span> <span class='ocrx_word' id='word_1_90' title='bbox 2155 1455 2655 1531; x_wconf 55' lang='lat' dir='ltr'><strong>enobscurum,</strong></span> 
     </span>
     <span class='ocr_line' id='line_1_12' title="bbox 522 1558 2660 1650; baseline -0.001 -23"><span class='ocrx_word' id='word_1_91' title='bbox 522 1584 729 1650; x_wconf 86' lang='lat' dir='ltr'><strong>quum</strong></span> <span class='ocrx_word' id='word_1_92' title='bbox 773 1560 919 1625; x_wconf 80' lang='lat' dir='ltr'><strong>duoe</strong></span> <span class='ocrx_word' id='word_1_93' title='bbox 962 1558 1281 1625; x_wconf 75' lang='lat' dir='ltr'><strong>editiones</strong></span> <span class='ocrx_word' id='word_1_94' title='bbox 1326 1560 1609 1625; x_wconf 80' lang='lat' dir='ltr'><strong>habeant</strong></span> <span class='ocrx_word' id='word_1_95' title='bbox 1627 1609 1645 1642; x_wconf 88' lang='lat'><strong>,</strong></span> <span class='ocrx_word' id='word_1_96' title='bbox 1675 1561 1952 1641; x_wconf 86' lang='lat' dir='ltr'><strong>abjicere</strong></span> <span class='ocrx_word' id='word_1_97' title='bbox 1983 1561 2249 1649; x_wconf 84' lang='lat' dir='ltr'><strong>quidem</strong></span> <span class='ocrx_word' id='word_1_98' title='bbox 2281 1561 2502 1642; x_wconf 86' lang='lat' dir='ltr'><strong>nolui,</strong></span> <span class='ocrx_word' id='word_1_99' title='bbox 2539 1560 2660 1625; x_wconf 88' lang='lat' dir='ltr'><strong>sed</strong></span> 
     </span>
     <span class='ocr_line' id='line_1_13' title="bbox 523 1665 2660 1753; baseline -0.001 -20"><span class='ocrx_word' id='word_1_100' title='bbox 523 1669 671 1733; x_wconf 86' lang='lat' dir='ltr'><strong>loco</strong></span> <span class='ocrx_word' id='word_1_101' title='bbox 714 1688 796 1730; x_wconf 86' lang='lat' dir='ltr'><strong>eo</strong></span> <span class='ocrx_word' id='word_1_102' title='bbox 817 1712 836 1745; x_wconf 91' lang='lat'>‚</span> <span class='ocrx_word' id='word_1_103' title='bbox 886 1686 1083 1753; x_wconf 88' lang='lat' dir='ltr'><strong>quem</strong></span> <span class='ocrx_word' id='word_1_104' title='bbox 1120 1665 1357 1745; x_wconf 84' lang='lat' dir='ltr'><strong>injuste</strong></span> <span class='ocrx_word' id='word_1_105' title='bbox 1402 1666 1720 1731; x_wconf 83' lang='lat' dir='ltr'><strong>invasisse·</strong></span> <span class='ocrx_word' id='word_1_106' title='bbox 1749 1665 2008 1731; x_wconf 81' lang='lat' dir='ltr'><strong>videtur</strong></span> <span class='ocrx_word' id='word_1_107' title='bbox 2027 1714 2044 1745; x_wconf 86' lang='lat'>‚</span> <span class='ocrx_word' id='word_1_108' title='bbox 2091 1666 2430 1733; x_wconf 86' lang='lat' dir='ltr'><strong>detrusum</strong></span> <span class='ocrx_word' id='word_1_109' title='bbox 2475 1682 2660 1731; x_wconf 81' lang='lat' dir='ltr'><strong>extra</strong></span> 
     </span>
     <span class='ocr_line' id='line_1_14' title="bbox 527 1769 2550 1861; baseline 0 -24"><span class='ocrx_word' id='word_1_110' title='bbox 527 1793 873 1837; x_wconf 87' lang='lat' dir='ltr'><strong>numerum</strong></span> <span class='ocrx_word' id='word_1_111' title='bbox 907 1786 975 1834; x_wconf 86' lang='lat' dir='ltr'><strong>et</strong></span> <span class='ocrx_word' id='word_1_112' title='bbox 1002 1769 1337 1854; x_wconf 84' lang='lat' dir='ltr'><strong>ordinem,</strong></span> <span class='ocrx_word' id='word_1_113' title='bbox 1375 1774 1561 1859; x_wconf 84' lang='lat' dir='ltr'><strong>quasi</strong></span> <span class='ocrx_word' id='word_1_114' title='bbox 1589 1771 2016 1861; x_wconf 85' lang='lat' dir='ltr'><strong>adpendicem</strong></span> <span class='ocrx_word' id='word_1_115' title='bbox 2037 1822 2056 1856; x_wconf 87' lang='lat'><strong>,</strong></span> <span class='ocrx_word' id='word_1_116' title='bbox 2089 1772 2397 1854; x_wconf 86' lang='lat' dir='ltr'><strong>subjunxi</strong></span> <span class='ocrx_word' id='word_1_117' title='bbox 2432 1772 2550 1859; x_wconf 81' lang='lat' dir='ltr'><strong>(a).</strong></span> 
     </span>
    </p>
   </div>
   <div class='ocr_carea' id='block_1_3' title="bbox 518 1979 2682 4171">
    <p class='ocr_par' dir='ltr' id='par_1_3' title="bbox 518 1979 2682 3796">
     <span class='ocr_line' id='line_1_15' title="bbox 594 1979 2661 2053; baseline 0 -17"><span class='ocrx_word' id='word_1_118' title='bbox 594 1985 670 2053; x_wconf 89' lang='lat'><strong>(1)</strong></span> <span class='ocrx_word' id='word_1_119' title='bbox 704 1981 885 2035; x_wconf 84' lang='lat' dir='ltr'><strong>Genus</strong></span> <span class='ocrx_word' id='word_1_120' title='bbox 911 1980 1013 2033; x_wconf 83' lang='lat' dir='ltr'><strong>boc</strong></span> <span class='ocrx_word' id='word_1_121' title='bbox 1040 1979 1413 2051; x_wconf 66' lang='lat' dir='ltr'><strong>enigmatum,</strong></span> <span class='ocrx_word' id='word_1_122' title='bbox 1446 1984 1600 2053; x_wconf 76' lang='lat' dir='ltr'><strong>cujus</strong></span> <span class='ocrx_word' id='word_1_123' title='bbox 1633 1993 1713 2035; x_wconf 87' lang='lat' dir='ltr'><strong>est</strong></span> <span class='ocrx_word' id='word_1_124' title='bbox 1745 1980 1876 2035; x_wconf 85' lang='lat' dir='ltr'><strong>illud</strong></span> <span class='ocrx_word' id='word_1_125' title='bbox 1910 1981 1980 2035; x_wconf 84' lang='lat' dir='ltr'><strong>de</strong></span> <span class='ocrx_word' id='word_1_126' title='bbox 2011 1998 2234 2035; x_wconf 70' lang='lat' dir='ltr'><strong>numero</strong></span> <span class='ocrx_word' id='word_1_127' title='bbox 2259 1980 2426 2048; x_wconf 83' lang='lat' dir='ltr'><strong>VIII,</strong></span> <span class='ocrx_word' id='word_1_128' title='bbox 2459 1980 2661 2036; x_wconf 74' lang='lat' dir='ltr'><strong>seriore</strong></span> 
     </span>
     <span class='ocr_line' id='line_1_16' title="bbox 528 2068 2660 2143; baseline -0.001 -18"><span class='ocrx_word' id='word_1_129' title='bbox 528 2083 679 2126; x_wconf 71' lang='lat' dir='ltr'><strong>aetate</strong></span> <span class='ocrx_word' id='word_1_130' title='bbox 720 2068 930 2122; x_wconf 66' lang='lat' dir='ltr'><strong>videtur</strong></span> <span class='ocrx_word' id='word_1_131' title='bbox 972 2079 1287 2141; x_wconf 84' lang='lat' dir='ltr'><strong>usurpatum</strong></span> <span class='ocrx_word' id='word_1_132' title='bbox 1322 2068 1752 2142; x_wconf 86' lang='lat' dir='ltr'><strong>celebratumque</strong></span> <span class='ocrx_word' id='word_1_133' title='bbox 1793 2089 1942 2135; x_wconf 85' lang='lat' dir='ltr'><strong>esse,</strong></span> <span class='ocrx_word' id='word_1_134' title='bbox 1988 2069 2199 2143; x_wconf 85' lang='lat' dir='ltr'><strong>quando</strong></span> <span class='ocrx_word' id='word_1_135' title='bbox 2240 2070 2552 2142; x_wconf 70' lang='lat' dir='ltr'><strong>quaestiones</strong></span> <span class='ocrx_word' id='word_1_136' title='bbox 2589 2089 2660 2123; x_wconf 81' lang='lat' dir='ltr'><strong>ex</strong></span> 
     </span>
     <span class='ocr_line' id='line_1_17' title="bbox 528 2155 2657 2231; baseline -0.001 -17"><span class='ocrx_word' id='word_1_137' title='bbox 528 2158 860 2214; x_wconf 85' lang='lat' dir='ltr'><strong>arithmetica</strong></span> <span class='ocrx_word' id='word_1_138' title='bbox 893 2169 985 2209; x_wconf 85' lang='lat' dir='ltr'><strong>aut</strong></span> <span class='ocrx_word' id='word_1_139' title='bbox 1011 2155 1108 2209; x_wconf 87' lang='lat' dir='ltr'><strong>alia</strong></span> <span class='ocrx_word' id='word_1_140' title='bbox 1137 2170 1250 2209; x_wconf 89' lang='lat' dir='ltr'><strong>arte</strong></span> <span class='ocrx_word' id='word_1_141' title='bbox 1280 2156 1573 2224; x_wconf 86' lang='lat' dir='ltr'><strong>intricatas,</strong></span> <span class='ocrx_word' id='word_1_142' title='bbox 1600 2159 1990 2213; x_wconf 78' lang='lat' dir='ltr'><strong>exercitationis</strong></span> <span class='ocrx_word' id='word_1_143' title='bbox 2023 2177 2240 2226; x_wconf 85' lang='lat' dir='ltr'><strong>caussa,</strong></span> <span class='ocrx_word' id='word_1_144' title='bbox 2268 2160 2657 2231; x_wconf 70' lang='lat' dir='ltr'><strong>proponebant,</strong></span> 
     </span>
     <span class='ocr_line' id='line_1_18' title="bbox 524 2245 2660 2317; baseline -0.001 -14"><span class='ocrx_word' id='word_1_145' title='bbox 524 2247 747 2303; x_wconf 85' lang='lat' dir='ltr'><strong>subinde</strong></span> <span class='ocrx_word' id='word_1_146' title='bbox 766 2245 925 2300; x_wconf 85' lang='lat' dir='ltr'><strong>etiam</strong></span> <span class='ocrx_word' id='word_1_147' title='bbox 952 2246 1189 2299; x_wconf 81' lang='lat' dir='ltr'><strong>versibus</strong></span> <span class='ocrx_word' id='word_1_148' title='bbox 1209 2246 1715 2317; x_wconf 78' lang='lat' dir='ltr'><strong>complectebantur.</strong></span> <span class='ocrx_word' id='word_1_149' title='bbox 1743 2246 1862 2300; x_wconf 85' lang='lat' dir='ltr'><strong>Huc</strong></span> <span class='ocrx_word' id='word_1_150' title='bbox 1889 2248 2179 2301; x_wconf 66' lang='lat' dir='ltr'><strong>referendo</strong></span> <span class='ocrx_word' id='word_1_151' title='bbox 2203 2262 2327 2301; x_wconf 88' lang='lat' dir='ltr'><strong>sunt</strong></span> <span class='ocrx_word' id='word_1_152' title='bbox 2349 2248 2504 2301; x_wconf 68' lang='lat' dir='ltr'><strong>Beda</strong></span> <span class='ocrx_word' id='word_1_153' title='bbox 2527 2247 2660 2301; x_wconf 86' lang='lat' dir='ltr'><strong>Pro-</strong></span> 
     </span>
     <span class='ocr_line' id='line_1_19' title="bbox 526 2332 2656 2410; baseline 0.001 -22"><span class='ocrx_word' id='word_1_154' title='bbox 526 2335 808 2410; x_wconf 75' lang='lat' dir='ltr'><strong>positiones</strong></span> <span class='ocrx_word' id='word_1_155' title='bbox 842 2347 895 2388; x_wconf 86' lang='lat' dir='ltr'><strong>et</strong></span> <span class='ocrx_word' id='word_1_156' title='bbox 922 2332 1213 2390; x_wconf 79' lang='lat' dir='ltr'><strong>solutiones</strong></span> <span class='ocrx_word' id='word_1_157' title='bbox 1243 2332 1618 2399; x_wconf 61' lang='lat' dir='ltr'><strong>arithmetice,</strong></span> <span class='ocrx_word' id='word_1_158' title='bbox 1654 2354 1774 2407; x_wconf 63' lang='lat' dir='ltr'><strong>qua</strong></span> <span class='ocrx_word' id='word_1_159' title='bbox 1801 2347 1948 2389; x_wconf 88' lang='lat' dir='ltr'><strong>tomo</strong></span> <span class='ocrx_word' id='word_1_160' title='bbox 1980 2334 2008 2388; x_wconf 93' lang='lat' dir='ltr'><strong>I</strong></span> <span class='ocrx_word' id='word_1_161' title='bbox 2037 2336 2305 2408; x_wconf 87' lang='lat' dir='ltr'><strong>Operum,</strong></span> <span class='ocrx_word' id='word_1_162' title='bbox 2343 2355 2461 2410; x_wconf 81' lang='lat' dir='ltr'><strong>pag.</strong></span> <span class='ocrx_word' id='word_1_163' title='bbox 2487 2335 2582 2391; x_wconf 79' lang='lat'><strong>133</strong></span> <span class='ocrx_word' id='word_1_164' title='bbox 2602 2351 2656 2390; x_wconf 86' lang='lat' dir='ltr'><strong>et</strong></span> 
     </span>
     <span class='ocr_line' id='line_1_20' title="bbox 525 2422 2682 2497; baseline 0 -19"><span class='ocrx_word' id='word_1_165' title='bbox 525 2444 675 2497; x_wconf 84' lang='lat' dir='ltr'><strong>seqq.</strong></span> <span class='ocrx_word' id='word_1_166' title='bbox 708 2424 977 2494; x_wconf 74' lang='lat' dir='ltr'><strong>leg-untur,</strong></span> <span class='ocrx_word' id='word_1_167' title='bbox 1009 2436 1061 2476; x_wconf 91' lang='lat' dir='ltr'><strong>et</strong></span> <span class='ocrx_word' id='word_1_168' title='bbox 1096 2423 1427 2476; x_wconf 73' lang='lat' dir='ltr'><strong>Problemata</strong></span> <span class='ocrx_word' id='word_1_169' title='bbox 1460 2422 1788 2478; x_wconf 69' lang='lat' dir='ltr'><strong>arithmetica</strong></span> <span class='ocrx_word' id='word_1_170' title='bbox 1805 2461 1822 2487; x_wconf 88' lang='lat'><strong>,</strong></span> <span class='ocrx_word' id='word_1_171' title='bbox 1863 2443 1984 2495; x_wconf 69' lang='lat' dir='ltr'><strong>quo</strong></span> <span class='ocrx_word' id='word_1_172' title='bbox 2019 2425 2080 2477; x_wconf 78' lang='lat' dir='ltr'><strong>P.</strong></span> <span class='ocrx_word' id='word_1_173' title='bbox 2107 2426 2399 2480; x_wconf 79' lang='lat' dir='ltr'><strong>Burmann.</strong></span> <span class='ocrx_word' id='word_1_174' title='bbox 2433 2425 2652 2479; x_wconf 70' lang='lat' dir='ltr'><strong>Amnon.</strong></span> <span class='ocrx_word' id='word_1_175' title='bbox 2671 2439 2682 2446; x_wconf 85' lang='lat'>&#39;</span> 
     </span>
     <span class='ocr_line' id='line_1_21' title="bbox 524 2510 2656 2585; baseline -0 -18"><span class='ocrx_word' id='word_1_176' title='bbox 524 2514 643 2567; x_wconf 80' lang='lat' dir='ltr'><strong>Lat.</strong></span> <span class='ocrx_word' id='word_1_177' title='bbox 660 2511 748 2565; x_wconf 90' lang='lat' dir='ltr'><strong>lib.</strong></span> <span class='ocrx_word' id='word_1_178' title='bbox 767 2513 839 2575; x_wconf 86' lang='lat' dir='ltr'><strong>V,</strong></span> <span class='ocrx_word' id='word_1_179' title='bbox 864 2510 1030 2584; x_wconf 77' lang='lat' dir='ltr'><strong>epigr.</strong></span> <span class='ocrx_word' id='word_1_180' title='bbox 1060 2513 1285 2579; x_wconf 79' lang='lat'>119-125</span> <span class='ocrx_word' id='word_1_181' title='bbox 1312 2511 1614 2581; x_wconf 80' lang='lat' dir='ltr'><strong>proposuit,</strong></span> <span class='ocrx_word' id='word_1_182' title='bbox 1639 2511 1732 2583; x_wconf 81' lang='lat' dir='ltr'><strong>qui</strong></span> <span class='ocrx_word' id='word_1_183' title='bbox 1751 2523 2006 2584; x_wconf 68' lang='lat' dir='ltr'><strong>proterea</strong></span> <span class='ocrx_word' id='word_1_184' title='bbox 2028 2511 2098 2565; x_wconf 85' lang='lat' dir='ltr'><strong>ad</strong></span> <span class='ocrx_word' id='word_1_185' title='bbox 2119 2513 2285 2585; x_wconf 72' lang='lat' dir='ltr'><strong>epigr.</strong></span> <span class='ocrx_word' id='word_1_186' title='bbox 2311 2531 2410 2581; x_wconf 84' lang='lat'><strong>1¹9</strong></span> <span class='ocrx_word' id='word_1_187' title='bbox 2425 2512 2656 2566; x_wconf 84' lang='lat' dir='ltr'><strong>adnota-</strong></span> 
     </span>
     <span class='ocr_line' id='line_1_22' title="bbox 524 2598 2656 2674; baseline 0.001 -20"><span class='ocrx_word' id='word_1_188' title='bbox 524 2601 627 2667; x_wconf 72' lang='lat' dir='ltr'><strong>vit,</strong></span> <span class='ocrx_word' id='word_1_189' title='bbox 644 2599 806 2674; x_wconf 87' lang='lat' dir='ltr'><strong>Gasp.</strong></span> <span class='ocrx_word' id='word_1_190' title='bbox 829 2598 1121 2652; x_wconf 85' lang='lat' dir='ltr'><strong>Bachetum</strong></span> <span class='ocrx_word' id='word_1_191' title='bbox 1140 2598 1486 2652; x_wconf 80' lang='lat' dir='ltr'><strong>Meziriacum</strong></span> <span class='ocrx_word' id='word_1_192' title='bbox 1505 2599 1650 2651; x_wconf 87' lang='lat' dir='ltr'><strong>XLV</strong></span> <span class='ocrx_word' id='word_1_193' title='bbox 1673 2599 2072 2672; x_wconf 74' lang='lat' dir='ltr'><strong>Epigrammata</strong></span> <span class='ocrx_word' id='word_1_194' title='bbox 2094 2600 2274 2655; x_wconf 75' lang='lat' dir='ltr'><strong>Groeca</strong></span> <span class='ocrx_word' id='word_1_195' title='bbox 2291 2601 2656 2670; x_wconf 81' lang='lat' dir='ltr'><strong>arithmetica,</strong></span> 
     </span>
     <span class='ocr_line' id='line_1_23' title="bbox 522 2685 2656 2761; baseline 0 -20"><span class='ocrx_word' id='word_1_196' title='bbox 522 2707 642 2761; x_wconf 74' lang='lat' dir='ltr'><strong>quae</strong></span> <span class='ocrx_word' id='word_1_197' title='bbox 683 2707 747 2740; x_wconf 91' lang='lat' dir='ltr'><strong>ex</strong></span> <span class='ocrx_word' id='word_1_198' title='bbox 787 2685 973 2740; x_wconf 91' lang='lat' dir='ltr'><strong>codice</strong></span> <span class='ocrx_word' id='word_1_199' title='bbox 1000 2685 1243 2739; x_wconf 86' lang='lat' dir='ltr'><strong>Palatino</strong></span> <span class='ocrx_word' id='word_1_200' title='bbox 1270 2685 1555 2740; x_wconf 79' lang='lat' dir='ltr'><strong>Salmasius</strong></span> <span class='ocrx_word' id='word_1_201' title='bbox 1589 2705 1712 2739; x_wconf 89' lang='lat' dir='ltr'><strong>cum</strong></span> <span class='ocrx_word' id='word_1_202' title='bbox 1751 2706 1815 2740; x_wconf 93' lang='lat' dir='ltr'><strong>eo</strong></span> <span class='ocrx_word' id='word_1_203' title='bbox 1850 2689 2367 2756; x_wconf 75' lang='lat' dir='ltr'><strong>communicaverat,</strong></span> <span class='ocrx_word' id='word_1_204' title='bbox 2412 2689 2656 2743; x_wconf 82' lang='lat' dir='ltr'><strong>versione</strong></span> 
     </span>
     <span class='ocr_line' id='line_1_24' title="bbox 524 2771 2654 2850; baseline 0.001 -21"><span class='ocrx_word' id='word_1_205' title='bbox 524 2776 735 2830; x_wconf 87' lang='lat' dir='ltr'><strong>metrica</strong></span> <span class='ocrx_word' id='word_1_206' title='bbox 763 2788 815 2828; x_wconf 89' lang='lat' dir='ltr'><strong>et</strong></span> <span class='ocrx_word' id='word_1_207' title='bbox 840 2771 1277 2846; x_wconf 78' lang='lat' dir='ltr'><strong>explicationibus</strong></span> <span class='ocrx_word' id='word_1_208' title='bbox 1303 2773 1494 2828; x_wconf 85' lang='lat' dir='ltr'><strong>additis</strong></span> <span class='ocrx_word' id='word_1_209' title='bbox 1518 2774 1802 2828; x_wconf 84' lang='lat' dir='ltr'><strong>illustrasse</strong></span> <span class='ocrx_word' id='word_1_210' title='bbox 1824 2775 1882 2828; x_wconf 88' lang='lat' dir='ltr'><strong>in</strong></span> <span class='ocrx_word' id='word_1_211' title='bbox 1901 2788 2244 2831; x_wconf 85' lang='lat' dir='ltr'><strong>commentar.</strong></span> <span class='ocrx_word' id='word_1_212' title='bbox 2271 2777 2338 2831; x_wconf 84' lang='lat' dir='ltr'><strong>ad</strong></span> <span class='ocrx_word' id='word_1_213' title='bbox 2361 2777 2654 2850; x_wconf 88' lang='lat' dir='ltr'><strong>Diophant.</strong></span> 
     </span>
     <span class='ocr_line' id='line_1_25' title="bbox 526 2859 2654 2934; baseline 0.001 -17"><span class='ocrx_word' id='word_1_214' title='bbox 526 2861 814 2917; x_wconf 75' lang='lat' dir='ltr'><strong>Alexandr.</strong></span> <span class='ocrx_word' id='word_1_215' title='bbox 850 2881 879 2915; x_wconf 82' lang='lat' dir='ltr'><strong>a</strong></span> <span class='ocrx_word' id='word_1_216' title='bbox 906 2881 963 2934; x_wconf 91' lang='lat' dir='ltr'><strong>p.</strong></span> <span class='ocrx_word' id='word_1_217' title='bbox 999 2861 1104 2930; x_wconf 75' lang='grc'><strong>349</strong></span> <span class='ocrx_word' id='word_1_218' title='bbox 1141 2859 1209 2914; x_wconf 82' lang='lat' dir='ltr'><strong>ad</strong></span> <span class='ocrx_word' id='word_1_219' title='bbox 1246 2860 1365 2930; x_wconf 81' lang='lat'><strong>370.</strong></span> <span class='ocrx_word' id='word_1_220' title='bbox 1392 2861 1641 2932; x_wconf 74' lang='lat' dir='ltr'><strong>AEnigma</strong></span> <span class='ocrx_word' id='word_1_221' title='bbox 1675 2861 1809 2915; x_wconf 88' lang='lat' dir='ltr'><strong>illud</strong></span> <span class='ocrx_word' id='word_1_222' title='bbox 1849 2862 1918 2916; x_wconf 88' lang='lat' dir='ltr'><strong>de</strong></span> <span class='ocrx_word' id='word_1_223' title='bbox 1950 2881 2176 2917; x_wconf 85' lang='lat' dir='ltr'><strong>numero</strong></span> <span class='ocrx_word' id='word_1_224' title='bbox 2202 2865 2342 2916; x_wconf 85' lang='lat' dir='ltr'><strong>vm</strong></span> <span class='ocrx_word' id='word_1_225' title='bbox 2379 2878 2654 2919; x_wconf 78' lang='lat' dir='ltr'><strong>auctorem</strong></span> 
     </span>
     <span class='ocr_line' id='line_1_26' title="bbox 524 2949 2654 3026; baseline 0 -20"><span class='ocrx_word' id='word_1_226' title='bbox 524 2949 801 3026; x_wconf 76' lang='lat' dir='ltr'><strong>Symposio</strong></span> <span class='ocrx_word' id='word_1_227' title='bbox 848 2950 1201 3004; x_wconf 80' lang='lat' dir='ltr'><strong>recentiorem</strong></span> <span class='ocrx_word' id='word_1_228' title='bbox 1237 2949 1467 3016; x_wconf 83' lang='lat' dir='ltr'><strong>habere,</strong></span> <span class='ocrx_word' id='word_1_229' title='bbox 1507 2952 1592 3004; x_wconf 79' lang='lat' dir='ltr'><strong>vel</strong></span> <span class='ocrx_word' id='word_1_230' title='bbox 1629 2950 1756 3004; x_wconf 83' lang='lat' dir='ltr'><strong>inde</strong></span> <span class='ocrx_word' id='word_1_231' title='bbox 1799 2950 2056 3024; x_wconf 75' lang='lat' dir='ltr'><strong>adparere</strong></span> <span class='ocrx_word' id='word_1_232' title='bbox 2103 2952 2335 3007; x_wconf 79' lang='lat' dir='ltr'><strong>arbitror</strong></span> <span class='ocrx_word' id='word_1_233' title='bbox 2352 2993 2368 3018; x_wconf 91' lang='lat'><strong>‚</strong></span> <span class='ocrx_word' id='word_1_234' title='bbox 2409 2953 2554 3025; x_wconf 84' lang='lat' dir='ltr'><strong>quod</strong></span> <span class='ocrx_word' id='word_1_235' title='bbox 2597 2955 2654 3006; x_wconf 87' lang='lat' dir='ltr'><strong>in</strong></span> 
     </span>
     <span class='ocr_line' id='line_1_27' title="bbox 520 3037 2656 3115; baseline 0.001 -19"><span class='ocrx_word' id='word_1_236' title='bbox 520 3041 640 3096; x_wconf 88' lang='lat' dir='ltr'><strong>aliis</strong></span> <span class='ocrx_word' id='word_1_237' title='bbox 672 3038 1007 3111; x_wconf 72' lang='lat' dir='ltr'><strong>aenigmatum</strong></span> <span class='ocrx_word' id='word_1_238' title='bbox 1036 3037 1461 3102; x_wconf 78' lang='lat' dir='ltr'><strong>collectionibus,</strong></span> <span class='ocrx_word' id='word_1_239' title='bbox 1489 3037 1717 3092; x_wconf 87' lang='lat' dir='ltr'><strong>aliorum</strong></span> <span class='ocrx_word' id='word_1_240' title='bbox 1741 3040 1842 3093; x_wconf 86' lang='lat' dir='ltr'><strong>sub</strong></span> <span class='ocrx_word' id='word_1_241' title='bbox 1867 3039 2086 3094; x_wconf 88' lang='lat' dir='ltr'><strong>nomine</strong></span> <span class='ocrx_word' id='word_1_242' title='bbox 2119 3054 2402 3098; x_wconf 84' lang='lat' dir='ltr'><strong>auctorum</strong></span> <span class='ocrx_word' id='word_1_243' title='bbox 2413 3079 2432 3106; x_wconf 85' lang='lat'><strong>,</strong></span> <span class='ocrx_word' id='word_1_244' title='bbox 2459 3061 2656 3115; x_wconf 72' lang='lat' dir='ltr'><strong>propo-</strong></span> 
     </span>
     <span class='ocr_line' id='line_1_28' title="bbox 522 3125 2654 3202; baseline 0.003 -20"><span class='ocrx_word' id='word_1_245' title='bbox 522 3129 686 3182; x_wconf 88' lang='lat' dir='ltr'><strong>situm</strong></span> <span class='ocrx_word' id='word_1_246' title='bbox 711 3127 986 3200; x_wconf 86' lang='lat' dir='ltr'><strong>reperitur.</strong></span> <span class='ocrx_word' id='word_1_247' title='bbox 1016 3127 1317 3178; x_wconf 86' lang='lat' dir='ltr'><strong>Reusnerus</strong></span> <span class='ocrx_word' id='word_1_248' title='bbox 1358 3125 1414 3178; x_wconf 87' lang='lat' dir='ltr'><strong>in</strong></span> <span class='ocrx_word' id='word_1_249' title='bbox 1454 3127 2002 3200; x_wconf 79' lang='lat' dir='ltr'><strong>AEnigmatographia,</strong></span> <span class='ocrx_word' id='word_1_250' title='bbox 2031 3147 2150 3202; x_wconf 75' lang='lat' dir='ltr'><strong>pag.</strong></span> <span class='ocrx_word' id='word_1_251' title='bbox 2186 3131 2288 3185; x_wconf 76' lang='lat'><strong>253</strong></span> <span class='ocrx_word' id='word_1_252' title='bbox 2307 3169 2326 3196; x_wconf 84' lang='lat'><strong>,</strong></span> <span class='ocrx_word' id='word_1_253' title='bbox 2351 3131 2484 3188; x_wconf 87' lang='lat' dir='ltr'><strong>illud</strong></span> <span class='ocrx_word' id='word_1_254' title='bbox 2512 3133 2654 3188; x_wconf 61' lang='lat' dir='ltr'><strong>into·</strong></span> 
     </span>
     <span class='ocr_line' id='line_1_29' title="bbox 522 3212 2654 3292; baseline 0.003 -23"><span class='ocrx_word' id='word_1_255' title='bbox 522 3213 714 3269; x_wconf 78' lang='lat' dir='ltr'><strong>Joscli.</strong></span> <span class='ocrx_word' id='word_1_256' title='bbox 754 3212 1043 3270; x_wconf 85' lang='lat' dir='ltr'><strong>Camerarii</strong></span> <span class='ocrx_word' id='word_1_257' title='bbox 1084 3213 1361 3284; x_wconf 62' lang='lat' dir='ltr'><strong>anigmata</strong></span> <span class='ocrx_word' id='word_1_258' title='bbox 1398 3214 1597 3283; x_wconf 81' lang='lat' dir='ltr'><strong>refert,</strong></span> <span class='ocrx_word' id='word_1_259' title='bbox 1641 3235 1963 3290; x_wconf 84' lang='lat' dir='ltr'><strong>quamquam</strong></span> <span class='ocrx_word' id='word_1_260' title='bbox 2015 3217 2102 3270; x_wconf 87' lang='lat' dir='ltr'><strong>alii</strong></span> <span class='ocrx_word' id='word_1_261' title='bbox 2155 3220 2454 3290; x_wconf 64' lang='lat' dir='ltr'><strong>anigmati,</strong></span> <span class='ocrx_word' id='word_1_262' title='bbox 2503 3221 2654 3292; x_wconf 77' lang='lat' dir='ltr'><strong>quod</strong></span> 
     </span>
     <span class='ocr_line' id='line_1_30' title="bbox 524 3299 2656 3382; baseline 0.002 -26"><span class='ocrx_word' id='word_1_263' title='bbox 524 3303 677 3376; x_wconf 86' lang='lat' dir='ltr'><strong>plane</strong></span> <span class='ocrx_word' id='word_1_264' title='bbox 704 3301 973 3356; x_wconf 79' lang='lat' dir='ltr'><strong>diversum</strong></span> <span class='ocrx_word' id='word_1_265' title='bbox 1004 3311 1109 3362; x_wconf 84' lang='lat' dir='ltr'><strong>est,</strong></span> <span class='ocrx_word' id='word_1_266' title='bbox 1152 3299 1431 3355; x_wconf 85' lang='lat' dir='ltr'><strong>adnexum.</strong></span> <span class='ocrx_word' id='word_1_267' title='bbox 1478 3301 1627 3355; x_wconf 89' lang='lat' dir='ltr'><strong>Idem</strong></span> <span class='ocrx_word' id='word_1_268' title='bbox 1661 3323 1781 3375; x_wconf 81' lang='lat' dir='ltr'><strong>pag.</strong></span> <span class='ocrx_word' id='word_1_269' title='bbox 1814 3305 1914 3374; x_wconf 75' lang='grc'><strong>347</strong></span> <span class='ocrx_word' id='word_1_270' title='bbox 1949 3303 2050 3358; x_wconf 84' lang='lat' dir='ltr'><strong>sub</strong></span> <span class='ocrx_word' id='word_1_271' title='bbox 2085 3307 2303 3360; x_wconf 88' lang='lat' dir='ltr'><strong>nomine</strong></span> <span class='ocrx_word' id='word_1_272' title='bbox 2341 3307 2656 3382; x_wconf 81' lang='lat' dir='ltr'><strong>Hieronymi</strong></span> 
     </span>
     <span class='ocr_line' id='line_1_31' title="bbox 522 3387 2654 3467; baseline 0.001 -21"><span class='ocrx_word' id='word_1_273' title='bbox 522 3390 777 3446; x_wconf 80' lang='lat' dir='ltr'><strong>Arconati</strong></span> <span class='ocrx_word' id='word_1_274' title='bbox 816 3387 1018 3461; x_wconf 85' lang='lat' dir='ltr'><strong>repetit.</strong></span> <span class='ocrx_word' id='word_1_275' title='bbox 1056 3387 1123 3440; x_wconf 88' lang='lat' dir='ltr'><strong>Et</strong></span> <span class='ocrx_word' id='word_1_276' title='bbox 1150 3387 1429 3442; x_wconf 85' lang='lat' dir='ltr'><strong>Lorichius</strong></span> <span class='ocrx_word' id='word_1_277' title='bbox 1462 3389 1600 3442; x_wconf 86' lang='lat' dir='ltr'><strong>libro</strong></span> <span class='ocrx_word' id='word_1_278' title='bbox 1631 3391 1718 3443; x_wconf 85' lang='lat'><strong>111</strong></span> <span class='ocrx_word' id='word_1_279' title='bbox 1751 3391 1979 3461; x_wconf 76' lang='lat' dir='ltr'><strong>AEnigm.</strong></span> <span class='ocrx_word' id='word_1_280' title='bbox 2020 3392 2059 3443; x_wconf 80' lang='lat' dir='ltr'><strong>f.</strong></span> <span class='ocrx_word' id='word_1_281' title='bbox 2087 3393 2185 3459; x_wconf 76' lang='grc'><strong>84,</strong></span> <span class='ocrx_word' id='word_1_282' title='bbox 2221 3393 2348 3448; x_wconf 86' lang='lat' dir='ltr'><strong>huic</strong></span> <span class='ocrx_word' id='word_1_283' title='bbox 2387 3396 2654 3467; x_wconf 67' lang='lat' dir='ltr'><strong>anigmati</strong></span> 
     </span>
     <span class='ocr_line' id='line_1_32' title="bbox 520 3475 2654 3556; baseline 0.002 -24"><span class='ocrx_word' id='word_1_284' title='bbox 520 3479 629 3532; x_wconf 84' lang='lat' dir='ltr'><strong>hoc</strong></span> <span class='ocrx_word' id='word_1_285' title='bbox 662 3479 857 3532; x_wconf 84' lang='lat' dir='ltr'><strong>lemma</strong></span> <span class='ocrx_word' id='word_1_286' title='bbox 892 3475 1291 3550; x_wconf 82' lang='lat' dir='ltr'><strong>superscripsit:</strong></span> <span class='ocrx_word' id='word_1_287' title='bbox 1332 3480 1492 3530; x_wconf 76' lang='lat' dir='ltr'><strong>Aliud</strong></span> <span class='ocrx_word' id='word_1_288' title='bbox 1513 3481 1830 3532; x_wconf 68' lang='lat' dir='ltr'><strong>Aritkmea&#39;co</strong></span> <span class='ocrx_word' id='word_1_289' title='bbox 1855 3483 2228 3548; x_wconf 73' lang='lat' dir='ltr'><strong>conjiciendum.</strong></span> <span class='ocrx_word' id='word_1_290' title='bbox 2249 3481 2322 3534; x_wconf 81' lang='lat' dir='ltr'><strong>Hi</strong></span> <span class='ocrx_word' id='word_1_291' title='bbox 2349 3483 2514 3556; x_wconf 76' lang='lat' dir='ltr'><strong>igitur</strong></span> <span class='ocrx_word' id='word_1_292' title='bbox 2541 3485 2654 3538; x_wconf 75' lang='lat' dir='ltr'><strong>sive</strong></span> 
     </span>
     <span class='ocr_line' id='line_1_33' title="bbox 520 3565 2652 3639; baseline 0.003 -19"><span class='ocrx_word' id='word_1_293' title='bbox 520 3567 623 3639; x_wconf 86' lang='lat' dir='ltr'><strong>ipsi</strong></span> <span class='ocrx_word' id='word_1_294' title='bbox 666 3579 909 3620; x_wconf 79' lang='lat' dir='ltr'><strong>auctores</strong></span> <span class='ocrx_word' id='word_1_295' title='bbox 943 3566 1059 3638; x_wconf 78' lang='lat' dir='ltr'><strong>ejus</strong></span> <span class='ocrx_word' id='word_1_296' title='bbox 1103 3565 1397 3638; x_wconf 63' lang='lat' dir='ltr'><strong>enigmatis</strong></span> <span class='ocrx_word' id='word_1_297' title='bbox 1436 3579 1592 3632; x_wconf 89' lang='lat' dir='ltr'><strong>sunt,</strong></span> <span class='ocrx_word' id='word_1_298' title='bbox 1633 3567 1744 3621; x_wconf 81' lang='lat' dir='ltr'><strong>sive</strong></span> <span class='ocrx_word' id='word_1_299' title='bbox 1777 3566 1910 3620; x_wconf 87' lang='lat' dir='ltr'><strong>illud</strong></span> <span class='ocrx_word' id='word_1_300' title='bbox 1951 3568 2020 3622; x_wconf 86' lang='lat' dir='ltr'><strong>ab</strong></span> <span class='ocrx_word' id='word_1_301' title='bbox 2057 3569 2160 3622; x_wconf 86' lang='lat' dir='ltr'><strong>alio</strong></span> <span class='ocrx_word' id='word_1_302' title='bbox 2201 3571 2468 3638; x_wconf 84' lang='lat' dir='ltr'><strong>mutuati,</strong></span> <span class='ocrx_word' id='word_1_303' title='bbox 2509 3583 2652 3626; x_wconf 81' lang='lat' dir='ltr'><strong>certe</strong></span> 
     </span>
     <span class='ocr_line' id='line_1_34' title="bbox 520 3653 2652 3731; baseline 0.003 -23"><span class='ocrx_word' id='word_1_304' title='bbox 520 3653 861 3728; x_wconf 81' lang='lat' dir='ltr'><strong>symposium</strong></span> <span class='ocrx_word' id='word_1_305' title='bbox 884 3670 994 3705; x_wconf 91' lang='lat' dir='ltr'><strong>non</strong></span> <span class='ocrx_word' id='word_1_306' title='bbox 1022 3670 1134 3706; x_wconf 87' lang='lat' dir='ltr'><strong>esse</strong></span> <span class='ocrx_word' id='word_1_307' title='bbox 1164 3665 1433 3707; x_wconf 83' lang='lat' dir='ltr'><strong>auctorem</strong></span> <span class='ocrx_word' id='word_1_308' title='bbox 1476 3653 1707 3706; x_wconf 79' lang='lat' dir='ltr'><strong>fatentur</strong></span> <span class='ocrx_word' id='word_1_309' title='bbox 1721 3694 1737 3720; x_wconf 90' lang='lat'><strong>,</strong></span> <span class='ocrx_word' id='word_1_310' title='bbox 1771 3673 1930 3726; x_wconf 85' lang='lat' dir='ltr'><strong>quem</strong></span> <span class='ocrx_word' id='word_1_311' title='bbox 1974 3657 2306 3712; x_wconf 81' lang='lat' dir='ltr'><strong>notissimum</strong></span> <span class='ocrx_word' id='word_1_312' title='bbox 2337 3660 2652 3731; x_wconf 80' lang='lat' dir='ltr'><strong>scriptorem</strong></span> 
     </span>
     <span class='ocr_line' id='line_1_35' title="bbox 518 3737 1199 3796; baseline -0.003 -2"><span class='ocrx_word' id='word_1_313' title='bbox 518 3743 610 3796; x_wconf 77' lang='lat' dir='ltr'><strong>vix</strong></span> <span class='ocrx_word' id='word_1_314' title='bbox 636 3739 826 3794; x_wconf 83' lang='lat' dir='ltr'><strong>licebat</strong></span> <span class='ocrx_word' id='word_1_315' title='bbox 850 3737 1199 3793; x_wconf 86' lang='lat' dir='ltr'><strong>dissimulare.</strong></span> 
     </span>
    </p>

    <p class='ocr_par' dir='ltr' id='par_1_4' title="bbox 521 3825 2652 4171">
     <span class='ocr_line' id='line_1_36' title="bbox 592 3825 2648 3899; baseline 0.004 -17"><span class='ocrx_word' id='word_1_316' title='bbox 592 3832 670 3899; x_wconf 79' lang='lat' dir='ltr'><strong>(a)</strong></span> <span class='ocrx_word' id='word_1_317' title='bbox 690 3825 965 3881; x_wconf 87' lang='lat' dir='ltr'><strong>Contraria</strong></span> <span class='ocrx_word' id='word_1_318' title='bbox 984 3825 1159 3880; x_wconf 87' lang='lat' dir='ltr'><strong>omnia</strong></span> <span class='ocrx_word' id='word_1_319' title='bbox 1180 3825 1249 3879; x_wconf 91' lang='lat' dir='ltr'><strong>de</strong></span> <span class='ocrx_word' id='word_1_320' title='bbox 1272 3829 1547 3899; x_wconf 66' lang='lat' dir='ltr'><strong>enigmate</strong></span> <span class='ocrx_word' id='word_1_321' title='bbox 1571 3833 1634 3880; x_wconf 79' lang='lat' dir='ltr'><strong>de</strong></span> <span class='ocrx_word' id='word_1_322' title='bbox 1661 3833 1841 3882; x_wconf 77' lang='lat' dir='ltr'><strong>Cneulo</strong></span> <span class='ocrx_word' id='word_1_323' title='bbox 1863 3831 2018 3885; x_wconf 86' lang='lat' dir='ltr'><strong>sentit</strong></span> <span class='ocrx_word' id='word_1_324' title='bbox 2046 3831 2411 3899; x_wconf 83' lang='lat' dir='ltr'><strong>Heumannus,</strong></span> <span class='ocrx_word' id='word_1_325' title='bbox 2435 3835 2648 3890; x_wconf 63' lang='lat' dir='ltr'><strong>Prosat.</strong></span> 
     </span>
     <span class='ocr_line' id='line_1_37' title="bbox 522 3912 2652 3992; baseline 0.006 -27"><span class='ocrx_word' id='word_1_326' title='bbox 522 3921 553 3986; x_wconf 74' lang='lat' dir='ltr'>s</span> <span class='ocrx_word' id='word_1_327' title='bbox 591 3935 687 3985; x_wconf 75' lang='lat'><strong>29,</strong></span> <span class='ocrx_word' id='word_1_328' title='bbox 724 3913 781 3967; x_wconf 85' lang='lat' dir='ltr'><strong>id</strong></span> <span class='ocrx_word' id='word_1_329' title='bbox 816 3912 1000 3966; x_wconf 84' lang='lat' dir='ltr'><strong>dicens</strong></span> <span class='ocrx_word' id='word_1_330' title='bbox 1035 3913 1363 3986; x_wconf 84' lang='lat' dir='ltr'><strong>reliquorum</strong></span> <span class='ocrx_word' id='word_1_331' title='bbox 1400 3916 1669 3988; x_wconf 83' lang='lat' dir='ltr'><strong>Symposii</strong></span> <span class='ocrx_word' id='word_1_332' title='bbox 1707 3917 2042 3990; x_wconf 61' lang='lat' dir='ltr'><strong>enigmatum</strong></span> <span class='ocrx_word' id='word_1_333' title='bbox 2079 3921 2391 3992; x_wconf 75' lang='lat' dir='ltr'><strong>elegantiam</strong></span> <span class='ocrx_word' id='word_1_334' title='bbox 2429 3936 2482 3976; x_wconf 87' lang='lat' dir='ltr'><strong>et</strong></span> <span class='ocrx_word' id='word_1_335' title='bbox 2519 3943 2652 3978; x_wconf 86' lang='lat' dir='ltr'><strong>con-</strong></span> 
     </span>
     <span class='ocr_line' id='line_1_38' title="bbox 521 3999 2650 4085; baseline 0.004 -27"><span class='ocrx_word' id='word_1_336' title='bbox 521 4005 823 4058; x_wconf 84' lang='lat' dir='ltr'><strong>cinnitatem</strong></span> <span class='ocrx_word' id='word_1_337' title='bbox 840 3999 981 4053; x_wconf 75' lang='lat' dir='ltr'><strong>haud</strong></span> <span class='ocrx_word' id='word_1_338' title='bbox 1002 4019 1239 4073; x_wconf 64' lang='lat' dir='ltr'><strong>equare,</strong></span> <span class='ocrx_word' id='word_1_339' title='bbox 1272 4003 1544 4077; x_wconf 77' lang='lat' dir='ltr'><strong>viderique</strong></span> <span class='ocrx_word' id='word_1_340' title='bbox 1571 4004 1826 4060; x_wconf 86' lang='lat' dir='ltr'><strong>insertum</strong></span> <span class='ocrx_word' id='word_1_341' title='bbox 1857 4007 2018 4062; x_wconf 83' lang='lat' dir='ltr'><strong>fuisse</strong></span> <span class='ocrx_word' id='word_1_342' title='bbox 2035 4027 2064 4062; x_wconf 83' lang='lat' dir='ltr'><strong>a</strong></span> <span class='ocrx_word' id='word_1_343' title='bbox 2082 4009 2374 4065; x_wconf 76' lang='lat' dir='ltr'><strong>semidocta</strong></span> <span class='ocrx_word' id='word_1_344' title='bbox 2389 4014 2650 4085; x_wconf 82' lang='lat' dir='ltr'><strong>quopiam</strong></span> 
     </span>
     <span class='ocr_line' id='line_1_39' title="bbox 524 4087 2652 4171; baseline 0.004 -25"><span class='ocrx_word' id='word_1_345' title='bbox 524 4090 818 4153; x_wconf 82' lang='lat' dir='ltr'><strong>monacho,</strong></span> <span class='ocrx_word' id='word_1_346' title='bbox 844 4087 936 4159; x_wconf 86' lang='lat' dir='ltr'><strong>qui</strong></span> <span class='ocrx_word' id='word_1_347' title='bbox 974 4087 1109 4142; x_wconf 84' lang='lat' dir='ltr'><strong>illud</strong></span> <span class='ocrx_word' id='word_1_348' title='bbox 1149 4089 1369 4142; x_wconf 81' lang='lat' dir='ltr'><strong>alterum</strong></span> <span class='ocrx_word' id='word_1_349' title='bbox 1415 4091 1482 4144; x_wconf 90' lang='lat' dir='ltr'><strong>de</strong></span> <span class='ocrx_word' id='word_1_350' title='bbox 1515 4111 1738 4159; x_wconf 75' lang='lat' dir='ltr'><strong>numero</strong></span> <span class='ocrx_word' id='word_1_351' title='bbox 1762 4095 1898 4148; x_wconf 83' lang='lat' dir='ltr'><strong>VIII</strong></span> <span class='ocrx_word' id='word_1_352' title='bbox 1919 4115 2028 4150; x_wconf 86' lang='lat' dir='ltr'><strong>non</strong></span> <span class='ocrx_word' id='word_1_353' title='bbox 2053 4099 2292 4170; x_wconf 80' lang='lat' dir='ltr'><strong>capiens,</strong></span> <span class='ocrx_word' id='word_1_354' title='bbox 2315 4111 2477 4171; x_wconf 84' lang='lat' dir='ltr'><strong>atquc</strong></span> <span class='ocrx_word' id='word_1_355' title='bbox 2513 4099 2652 4154; x_wconf 80' lang='lat' dir='ltr'><strong>adeo</strong></span> 
     </span>
    </p>
   </div>
  </div>
 </body>
</html>
