2964 4690
705 424 1389 495 AENIGMATUM
1449 422 1998 492 SYMPOSII.
2273 424 2412 523 339
2499 430 2504 433 ’

304 552 681 619 Castalionis
736 573 800 620 et
860 552 1109 617 Pichoei.
1172 552 1451 615 Pet-ionii
1512 552 1858 617 editionem
1919 554 2288 620 Reusnerus
2344 559 2412 621 in

301 657 939 747 AEnigmatographia
960 704 977 739 ‚
1012 674 1076 721 ct
1104 656 1482 721 Franciscus
1509 656 1812 722 Schottus
1837 659 1904 721 in
1937 659 2274 724 Itinerario
2295 664 2420 726 Ita-

300 761 389 825 liae
432 778 927 850 expresserunt:
965 761 1195 825 Pithoei
1232 760 1672 825 recensionem
1708 778 2051 850 postquam
2098 762 2232 828 fere
2265 782 2418 829 cum

300 890 407 931 sua
448 868 873 946 conjunxerat
907 866 1179 929 Castalio
1202 914 1219 946 ,
1266 866 1445 927 hunc
1476 882 1718 929 coeterae
1755 890 1960 955 usque
1995 868 2078 932 ad
2115 870 2422 935 recentis-

300 973 485 1037 simas
540 988 833 1059 sequutae
890 988 1065 1035 sunt.
1124 972 1437 1052 Quartam
1492 971 1593 1034 his
1647 972 1940 1063 adjungit
1990 976 2420 1041 Heumannus

302 1078 591 1183 (Praefat.
632 1084 668 1159 5
702 1076 1061 1165 XXXVII)
1096 1077 1245 1140 licet
1275 1099 1635 1165 paucorum
1677 1096 1930 1143 tantum
1967 1080 2381 1171 aenigmatum
2399 1129 2418 1163 ‚

304 1207 495 1271 quam
540 1186 939 1249 Camerarius
983 1185 1051 1247 in
1097 1185 1446 1249 Elementis
1493 1184 1850 1249 Rhetoricae
1895 1187 2205 1252 exhibuit.
2252 1187 2420 1253 Nam

300 1306 363 1353 et
385 1290 567 1353 hunc
593 1312 628 1354 e
658 1290 879 1354 codice
914 1290 1031 1355 MS
1055 1290 1387 1379 proposita
1415 1290 1822 1379 descripsisse
1851 1286 2187 1382 aenigmata
2215 1295 2427 1357 existi-

300 1412 450 1460 mat.
516 1396 659 1484 Ego
712 1418 867 1460 vero
920 1414 985 1459 et
1038 1396 1362 1459 Francisci
1412 1396 1660 1460 Basueli
1719 1396 2069 1462 editionem
2121 1400 2424 1486 aenigma·

304 1516 439 1564 tum
462 1500 704 1564 XLVII
738 1524 774 1564 e
802 1498 1107 1589 singulari
1133 1500 1355 1565 codice
1376 1500 1756 1589 profluxisse
1779 1502 2076 1584 arbitror,
2105 1502 2424 1591 siquidem

300 1623 364 1671 et
382 1630 650 1672 mancus
670 1630 897 1671 eorum
920 1630 1233 1672 numerus
1249 1656 1267 1689 ‚
1289 1624 1354 1671 et
1378 1608 1810 1696 discrepantes
1829 1610 1910 1672 ab
1930 1611 2065 1673 aliis
2082 1610 2421 1691 lectiones,

301 1736 337 1777 a
374 1714 667 1778 Fabricio
709 1713 1005 1777 indicatae
1026 1762 1043 1794 ,
1079 1714 1528 1801 imperfectum
1564 1731 1629 1777 et
1659 1714 1740 1777 ab
1771 1714 1904 1777 aliis
1943 1714 2268 1778 diversum
2313 1737 2424 1779 co-

300 1817 507 1883 dicem
543 1815 1011 1881 demonstrant.
1400 1854 1411 1881 t

388 1924 731 1987 Versiones
778 1924 1193 2013 aenigmatum
1242 1922 1558 2011 Symposii
1603 1923 1799 1987 factas
1835 1946 1919 1987 ne
1953 1923 2138 2018 plane
2170 1939 2428 2011 praeter-

306 2028 589 2091 mitteret
622 2028 1077 2109 Heumannus‚
1114 2029 1526 2108 memoravit,
1558 2028 1807 2092 Praefat.
1841 2030 2219 2108 §XXXVII
2240 2077 2258 2109 ‚
2286 2032 2428 2093 Joa-

304 2132 592 2197 chimum
622 2132 1060 2195 Camerarium
1092 2130 1425 2219 aenigmata
1452 2131 1702 2219 aliquot
1726 2131 2046 2219 Symposii
2072 2132 2139 2193 in
2173 2132 2427 2196 Graecos

301 2260 525 2302 versus
577 2237 899 2325 eleganter
949 2235 1341 2317 traduxisse,
1391 2259 1537 2323 quae
1592 2238 1726 2324 ipsa
1772 2236 2426 2325 AEnigmatographiae

304 2369 435 2410 suae
479 2343 755 2408 inseruit
788 2345 1159 2408 Reusnerus
1200 2367 1239 2406 a
1278 2366 1421 2432 pag.
1454 2342 1582 2407 256
1615 2366 1821 2430 usque
1858 2342 1936 2407 ad
1975 2365 2119 2432 pag.
2154 2344 2281 2408 260
2313 2344 2424 2430 (in

305 2452 544 2540 quibus
581 2467 795 2514 tamen
833 2452 1061 2514 insunt
1093 2451 1448 2531 nonnulla,
1487 2473 1629 2536 quae
1673 2474 1807 2512 non
1843 2467 1999 2513 sunt
2039 2451 2358 2539 Symposii
2379 2451 2424 2538 ).

304 2555 485 2621 Idem
520 2555 717 2619 refert
751 2555 1198 2619 Germanioem
1236 2577 1461 2618 eorum
1499 2555 1949 2642 aenigmatum,
1988 2577 2260 2641 eamque
2293 2577 2430 2619 me-

306 2664 567 2746 tricam,
614 2663 1014 2744 versionem,
1068 2685 1199 2726 una
1249 2685 1399 2726 cum
1450 2663 1714 2725 metrica
1759 2661 2014 2727 Phaedri
2063 2663 2426 2726 fabularum

304 2768 601 2832 versione
624 2815 642 2849 ,
682 2790 787 2830 an.
830 2790 995 2853 1712
1019 2815 1038 2848 ,
1077 2765 1246 2831 in-8.
1286 2767 1693 2856 Eisenbergae
1734 2764 1970 2830 editam
2016 2788 2154 2830 esse
2190 2791 2228 2830 a
2259 2789 2428 2853 quo-

304 2875 475 2961 piam
492 2921 511 2954 ,
548 2873 662 2960 qui
689 2873 811 2936 sub
840 2871 1080 2936 adscito
1112 2872 1439 2936 Melandn‘
1464 2873 1732 2936 nomine
1761 2873 1955 2935 latere
1981 2871 2204 2935 voluit.
2233 2870 2430 2936 Dedit

307 2978 501 3042 etiam
538 2978 852 3041 versionis
898 2977 1036 3058 ejus
1085 2976 1219 3041 duo
1269 2979 1556 3066 exempla
1579 3025 1598 3058 ,
1647 2978 1918 3067 aenigma
1964 2977 2052 3063 96
2102 2991 2167 3040 et
2211 2998 2294 3064 97
2351 2977 2430 3041 de

303 3083 486 3147 Echo
512 3095 573 3146 et
597 3083 827 3147 Somno
845 3133 863 3160 ‚
896 3107 1039 3170 quae
1065 3105 1217 3147 sane
1247 3083 1445 3147 invita
1472 3084 1764 3147 Minerva
1789 3083 2018 3148 factam
2047 3105 2184 3146 esse
2216 3099 2431 3148 osten-

300 3189 493 3252 dunt.
530 3189 670 3277 Ego
713 3210 867 3252 vero
911 3189 1202 3276 inprimis
1250 3188 1735 3278 memorandam
1779 3181 2108 3252 hocloco
2153 3179 2426 3270 censeo}

305 3295 495 3374 cujus
542 3293 837 3357 notitiam
888 3293 1026 3382 ipse
1079 3295 1506 3357 Heumannus
1551 3292 1811 3356 Poeciles
1861 3309 2016 3358 tom.
2065 3295 2161 3375 H,
2213 3293 2323 3358 lib.
2359 3294 2430 3374 1,

302 3422 453 3488 pag.
500 3419 654 3478 121,
694 3398 849 3462 fecit
870 3446 888 3479 ‚
939 3397 1222 3462 Italicam
1271 3397 1636 3460 versionem
1657 3444 1676 3476 ‚
1731 3419 1770 3458 a
1822 3414 2003 3485 patre
2052 3398 2427 3462 Castalionis

304 3506 531 3569 Romae
576 3526 683 3567 an.
732 3503 901 3580 1604
942 3502 1179 3567 editam
1198 3551 1217 3584 ,
1263 3503 1447 3583 cujus
1493 3501 1630 3588 ipse
1665 3499 1834 3564 filius
1874 3501 1942 3564 in
1976 3501 2430 3584 Dedicatione‚

302 3609 651 3697 posteriori
680 3609 817 3688 ejus
842 3609 1166 3696 Symposii
1202 3607 1469 3672 editioni
1501 3606 1836 3694 praemissae
1852 3653 1871 3687 ,
1899 3607 2296 3672 mentionem
2333 3608 2434 3672 his

302 3715 603 3779 versibus
636 3714 784 3777 facit
810 3735 825 3776 :

597 3872 693 3924 His
720 3871 1134 3942 (anigmatibus)
1160 3870 1292 3924 lucis
1313 3868 1514 3944 aliquid
1538 3869 1728 3922 adtulit
1745 3878 1894 3941 pater
1912 3888 2060 3923 meus
2073 3909 2088 3933 ,

666 3959 975 4031 Interpretis
1001 3959 1229 4030 fungens
1254 3959 1389 4012 vice.
2047 3991 2053 3996 -

305 4121 707 4206 Exemplum
750 4119 887 4198 ejus
918 4120 1229 4183 versionis
1268 4119 1333 4182 in
1370 4118 1674 4183 Sereniss.
1711 4119 1910 4182 Ducis
1935 4117 2222 4182 Saxonioe
2247 4117 2446 4180 Vina-

2047 4246 2156 4298 22.
