2964 4690
561 381 640 425 ιο
1291 341 1961 428 PROOEMIUM

547 503 774 550 auctor
814 503 929 551 est.
969 487 1100 569 Qui
1148 488 1276 553 hoc
1311 489 1607 578 inprimis
1639 511 1901 579 operam
1936 487 2187 553 dedisse
2214 505 2355 554 toto
2386 492 2666 558 carmine

549 594 822 672 videtur,
865 610 980 676 ut,
1017 617 1212 681 quam
1250 595 1385 682 ipse
1418 595 1488 657 in
1522 596 1760 684 praefat.
1808 595 2220 684 pronuntiat,
2254 613 2517 661 tenuem
2550 598 2664 662 ad·

549 697 821 762 modum
838 747 856 780 ,
891 715 957 764 et
987 723 1170 788 paene
1203 699 1530 764 viduatam
1566 722 1837 790 corpore
1870 700 2199 764 materiam
2216 747 2234 782 ,
2268 703 2449 764 omni
2482 703 2665 790 copia

550 821 616 867 et
663 821 900 869 ornatu
944 805 1291 870 instrueret
1313 853 1330 886 ,
1357 807 1715 926 exiguaque
1749 823 1814 870 et
1848 823 2174 893 tamquam
2208 828 2423 894 sparsa
2454 807 2663 870 cultus

550 910 872 976 hortensis
904 912 1228 992 membra,
1253 912 1455 976 varias
1485 935 1639 1001 opes
1666 927 1730 976 et
1752 929 2041 1000 tempora
2063 909 2423 1000 modosque
2452 912 2663 975 colen-

547 1015 612 1080 di
635 1017 1024 1106 ,ingeniosa
1075 1033 1142 1080 et
1189 1019 1368 1082 suavi
1413 1039 1632 1082 rerum
1678 1019 2081 1082 connexione
2126 1018 2193 1080 in
2238 1039 2444 1081 unum
2483 1020 2664 1110 quasi

551 1146 790 1243 corpus
845 1125 1298 1188 conformaret.
1333 1123 1437 1188 Ad
1489 1123 1741 1242 copiam
1778 1139 1843 1186 et
1882 1138 2183 1186 ornatum
2216 1124 2427 1210 operis
2462 1121 2663 1212 inpri-

447 1279 450 1283 »
551 1229 674 1292 mis
715 1230 1045 1316 pertinent
1080 1227 1446 1293 adlusiones
1479 1227 2017 1315 excursionesque
2051 1227 2120 1291 in
2158 1227 2403 1292 fabulas
2434 1228 2662 1292 crebro

549 1334 803 1398 insertae
818 1381 837 1415 ,
865 1335 1051 1422 pictae
1074 1357 1295 1400 rerum
1316 1333 1628 1422 imagines
1660 1348 1727 1396 et
1756 1348 2213 1420 tempestatum
2236 1332 2405 1396 vices
2434 1332 2665 1397 descri-

545 1454 670 1526 ptae
686 1487 704 1518 ,
739 1439 978 1526 quibus
1034 1438 1212 1503 exilis
1253 1436 1489 1503 florum
1506 1485 1525 1516 ,
1549 1438 1913 1524 plantarum
1932 1483 1949 1517 ,
1978 1436 2229 1500 olerum
2262 1437 2661 1510 enumeratio

546 1543 988 1632 distinguitur,
1037 1560 1103 1608 et
1141 1545 1364 1626 lector,
1399 1545 1515 1633 qui
1559 1543 1727 1642 forte
1764 1541 2027 1608 taedium
2069 1565 2155 1640 ex·
2190 1541 2383 1631 longa
2432 1565 2665 1632 proece-

545 1649 770 1736 ptione
815 1650 1085 1738 ceperit,
1121 1651 1577 1714 amoenioribus
1634 1649 1815 1736 quasi
1864 1649 1935 1711 in
1975 1649 2131 1712 locis
2167 1663 2506 1712 recreatur.
2546 1649 2661 1712 His

547 1753 920 1818 excursibus
957 1769 1024 1818 et
1055 1754 1598 1844 descriptionibus
1632 1768 1969 1842 tantopere
1998 1751 2291 1843 indulget
2318 1769 2563 1834 auctor,
2587 1769 2662 1816 ut

545 1860 610 1922 in
648 1859 750 1923 his
783 1858 1148 1934 subsidium
1196 1861 1561 1949 quaesivisse
1594 1859 1885 1925 videatur
1927 1860 2257 1942 carminis,
2290 1859 2467 1948 quod
2510 1861 2658 1923 satis

539 1965 809 2053 longum
861 1967 1000 2029 fore
1056 1965 1143 2030 ob
1194 1965 1540 2030 exilitatem
1582 1965 1861 2030 materiae
1908 1964 2318 2054 desperabat,
2356 1963 2658 2029 dilatandi

541 2087 606 2134 et
641 2070 723 2134 ad
749 2071 988 2151 justam
1018 2072 1166 2136 libri
1200 2071 1689 2160 amplitudinem
1721 2070 2139 2161 perducendi.
2178 2073 2346 2136 Nam
2372 2072 2438 2134 in
2470 2071 2543 2134 iis
2576 2071 2661 2134 ita

543 2178 742 2264 copiae
777 2194 843 2242 et
875 2178 1155 2242 ubertati
1191 2176 1442 2260 studet,
1469 2178 1559 2241 ita
1585 2178 1721 2241 vela
1772 2176 1999 2266 pandit
2043 2177 2379 2257 orationis,
2405 2193 2482 2240 ut
2528 2178 2660 2240 fere

541 2284 818 2348 nimium
851 2283 1136 2375 evagari,
1160 2286 1388 2367 verba,
1409 2283 1585 2351 ideas
1604 2332 1622 2365 ,
1650 2285 1999 2349 sententias
2034 2283 2393 2365 cumulare,
2427 2305 2659 2372 genera

539 2412 759 2453 rerum
794 2411 913 2477 per
947 2412 1174 2453 omnes
1207 2407 1417 2478 partes
1451 2406 1516 2454 et
1541 2390 1784 2477 species
1813 2387 2149 2469 diducere,
2173 2404 2239 2451 et
2260 2389 2441 2475 quasi
2467 2387 2656 2478 longa

539 2495 806 2584 ambage
837 2492 1350 2559 circumductam
1386 2494 1637 2559 trahere
1670 2495 2027 2559 orationem
2046 2542 2065 2575 ‚
2090 2516 2226 2557 non
2262 2494 2401 2557 sine
2425 2510 2657 2556 ταυτολο-

539 2612 652 2681 γίας
676 2600 867 2680 vitiu,
887 2599 1198 2664 videatur.
1233 2602 1430 2689 Legat
1469 2599 1698 2681 modo,
1723 2600 1838 2688 qui
1882 2622 2021 2663 rem
2052 2620 2441 2688 cognoscere
2465 2599 2618 2662 velit
2638 2648 2655 2679 ,

542 2704 1036 2793 descriptionem
1055 2706 1220 2769 veris
1249 2722 1316 2769 et
1340 2706 1731 2795 renascentis
1773 2706 1925 2768 anni
1965 2705 2153 2792 plane
2182 2702 2619 2767 abundantem
2638 2754 2655 2785 ,

539 2834 596 2873 v.
622 2810 806 2896 196-2
820 2816 918 2894 143
939 2811 1385 2899 Nympharum
1407 2810 1596 2875 flores
1610 2811 2049 2901 colligentium
2070 2832 2493 2893 recensum‚v.
2515 2810 2661 2875 263-

543 2916 700 3005 2753
730 2917 902 2981 horti
933 2913 1212 3007 florigeri
1245 2918 1793 3006 comparationem
1814 2966 1833 3000 ,
1860 2941 1918 2980 v.
1956 2914 2273 3004 286-293.
2310 2918 2385 2979 In
2421 2915 2657 3003 quibus

542 3044 693 3084 sane
715 3022 998 3111 Virgilii,
1030 3044 1228 3110 quem
1275 3022 1521 3110 ubique
1564 3021 1939 3103 admiratur,
1974 3020 2329 3086 modestam
2364 3037 2430 3084 et
2466 3020 2657 3083 deco-

535 3148 672 3189 ram
708 3125 1086 3189 brevitatem
1119 3126 1476 3190 deseruisse
1506 3126 1783 3191 videtur.
1818 3130 2057 3190 Contra
2078 3174 2095 3207 ,
2130 3125 2241 3188 ubi
2269 3125 2335 3187 in
2358 3123 2487 3187 fine
2524 3146 2657 3188 car-

541 3229 735 3292 minis
765 3246 1075 3312 versatur,
1121 3230 1322 3318 idque
1347 3232 1478 3311 jam
1516 3232 1667 3295 satis
1702 3231 2095 3321 productum
2134 3252 2271 3294 esse
2296 3226 2473 3293 videt
2492 3278 2509 3311 ,
2546 3253 2655 3293 su-

535 3336 676 3399 bito
713 3335 882 3398 viam
928 3337 1223 3424 corripit,
1251 3353 1317 3401 et
1345 3338 1524 3419 justo
1572 3336 1834 3401 brevior
1878 3338 2339 3426 angustiorque
2374 3333 2653 3424 adparet.

531 3442 698 3505 Nam
733 3440 800 3501 in
839 3440 1074 3505 fetibus
1107 3443 1412 3506 arborum
1451 3459 1517 3506 et
1542 3443 1861 3530 vergentis
1897 3444 2049 3506 anni
2081 3441 2501 3530 proventibus
2551 3463 2655 3503 re-

536 3545 908 3626 censendiS,
945 3568 1088 3632 quae
1139 3564 1418 3611 extrema
1457 3548 1755 3612 carminis
1798 3571 1943 3637 pars
1990 3566 2118 3632 est,
2148 3570 2353 3635 pauca
2402 3562 2653 3611 tantum

534 3673 882 3740 pomorum
911 3672 1166 3739 genera,
1195 3670 1270 3716 ut
1301 3676 1511 3729 mora,
1544 3676 1774 3741 pruna,
1804 3653 1965 3716 mala
1995 3652 2243 3717 Medica
2262 3702 2279 3735 ,
2309 3652 2558 3717 Persica
2594 3668 2657 3715 et

537 3756 728 3836 ficus,
753 3772 893 3819 tum
941 3758 1252 3823 nonnulla
1288 3781 1597 3847 raporum
1630 3758 1961 3839 nominat,
1994 3780 2199 3846 quum
2233 3760 2441 3822 multo
2472 3758 2657 3847 plura

533 3861 612 3925 ad
650 3860 1202 3927 commendandos
1239 3862 1413 3926 horti
1447 3864 1616 3927 bene
1652 3864 1809 3927 culti
1844 3864 2091 3927 fructus
2124 3864 2461 3951 potuisset.
2498 3862 2654 3943 Sed,

538 3968 718 4053 quasi
771 3984 1077 4053 pertaesus
1127 3985 1292 4033 esset
1331 3969 1567 4033 laboris
1605 3969 1734 4033 huc
1782 3970 2107 4057 perducti,
2142 3968 2361 4034 adesse
2402 3986 2663 4054 tempus

537 4073 872 4137 vindemia}
905 4074 1132 4153 sentit,
1159 4091 1225 4139 et
1257 4076 1517 4139 hortum
1556 4099 1745 4140 suum
1781 4074 2037 4139 claudit.
