2964 4690
1157 437 1545 504 MEDEA.
2274 425 2419 522 459

769 556 1092 628 Thalamo
1127 556 1456 626 deducere
1492 556 1745 641 adorti,

675 672 920 760 Quaeso
963 669 1366 739 miserescite
1403 669 1595 762 regis.
2346 680 2423 718 η.»

771 913 1122 985 Recubans
1158 911 1281 981 sub
1320 911 1613 1005 tegmine
1649 909 1780 1004 sagi

679 1027 928 1098 Divino
966 1028 1258 1096 carmine
1294 1039 1523 1119 pastor

771 1139 987 1206 Vocat
1022 1137 1092 1204 in
1128 1136 1490 1204 certamina
1529 1137 1774 1221 Divo8‚

673 1247 886 1316 Remo
922 1245 1276 1314 frondente
1312 1245 1653 1339 pependit.

775 1358 946 1446 Quae
983 1369 1050 1426 te
1092 1355 1422 1426 dementia
1460 1358 1638 1451 cepit
2353 1374 2425 1411 1³⁵
2537 1347 2549 1358 '

685 1467 839 1537 Saxi
886 1466 970 1536 de
1009 1467 1259 1537 vertice
1295 1481 1525 1560 pastor

774 1577 1024 1646 Divina
1067 1575 1353 1647 Palladis
1388 1591 1531 1645 arte

667 1686 1006 1756 'Phoebum
1048 1711 1366 1782 superare
1403 1686 1749 1757 canendo?
1836 1701 1845 1706 '

774 1797 1048 1891 Raptim
1083 1811 1262 1866 secat
1295 1821 1452 1866 aera
1489 1798 1715 1892 pinnis
1736 1851 1757 1884 ,

680 1907 969 2000 Fugiens
1001 1907 1270 1994 Minoia
1308 1933 1545 2004 regna,
2355 1928 2429 1974 14⁰

776 2019 998 2086 Ausus
1034 2041 1102 2086 se
1138 2017 1403 2088 credere
1439 2017 1639 2098 caelo,

299 2192 494 2244 umbra
518 2189 834 2262 velavitque
859 2207 1040 2244 comas
1057 2211 1117 2259 »3
1147 2203 1200 2244 et
1226 2191 1318 2246 lib.

296 2271 370 2336 V,
397 2289 450 2322 v.
475 2289 540 2340 7²
566 2288 580 2322 ε
603 2295 631 2316 «ι
649 2269 787 2322 velat
812 2281 1050 2324 materna
1078 2281 1320 2343 tempora

299 2362 480 2423 myrto
504 2376 550 2417 n,
587 2362 638 2403 et
670 2351 797 2404 alibi
814 2392 828 2417 ,
852 2350 946 2405 sed
977 2366 1167 2423 parum
1191 2352 1323 2405 inte-

295 2441 424 2484 rest.
449 2430 550 2483 Vs.
578 2448 686 2502 seq.
716 2443 858 2483 recte
885 2431 1175 2485 Scriverius
1191 2435 1321 2484 Tha-

297 2514 430 2561 lama
461 2512 706 2561 deducere
731 2512 897 2562 ador-ti
915 2509 1080 2563 edidit
1111 2528 1174 2563 ex
1197 2514 1319 2564 ΕΒ.

295 2586 376 2639 VI
394 2628 410 2655 ,
439 2588 574 2659 397:
603 2591 834 2641 Thalami
849 2590 903 2641 in
932 2589 1052 2643 cod.
1076 2589 1238 2644 Salm.
1271 2602 1322 2642 et

295 2666 454 2720 Leid.
481 2666 574 2721 sed
596 2672 836 2721 Thalama
863 2669 920 2721 in
951 2667 1136 2722 iisdem
1160 2686 1321 2740 supra

297 2765 353 2799 v.
389 2746 506 2799 105.

323 2878 330 2884 ,
375 2842 494 2893 ¹²9·
517 2830 694 2894 Qaaeso
707 2830 996 2879 miserescite
1009 2830 1134 2897 regis
1149 2868 1165 2893 ,
1185 2827 1322 2880 bene

299 2921 364 2957 ex
381 2902 541 2976 Vin-g.
563 2908 690 2958 AEn.
711 2907 867 2969 VIII,
895 2924 946 2959 v.
977 2906 1108 2977 573:
1143 2922 1322 2959 eorre-

297 2983 381 3036 xit
401 2983 701 3038 Scriverius
727 2984 974 3037 vitiosam
999 2984 1325 3040 eod.Salma·

297 3064 436 3116 cinni
463 3064 782 3135 scripturam
805 3078 865 3116 :-
886 3066 1024 3129 Qua
1044 3064 1146 3116 sul>
1171 3066 1324 3117 mise-

297 3144 490 3197 rescite
524 3144 634 3214 regi
653 3164 715 3208 »ς
754 3142 1026 3215 quomodo
1069 3143 1227 3195 etiam
1263 3144 1320 3195 in

297 3221 552 3274 Leidensi
563 3220 681 3274 eod.
703 3222 851 3275 Inter
867 3221 1014 3273 hunc
1037 3229 1092 3274 et
1102 3238 1323 3292 sequen·

299 3312 410 3355 tem
451 3318 662 3353 versum
678 3340 693 3366 ,
743 3326 770 3347 α
787 3302 1060 3355 Reeubans
1113 3302 1213 3353 sub
1251 3310 1327 3353 te·

301 3380 484 3452 gmine
505 3380 610 3450 fugi
628 3406 674 3447 n,
689 3380 982 3433 Scriverius
1002 3381 1208 3434 hiatum
1234 3400 1327 3453 po·

301 3460 412 3513 suit
443 3459 702 3512 asteriscis
725 3459 1056 3531 insignitum,
1099 3472 1158 3511 ut
1193 3476 1326 3512 nou-

301 3538 450 3590 nunu
485 3538 615 3589 hine
645 3538 906 3592 excidisse
931 3539 1216 3606 indicaret,
1239 3540 1326 3592 eui

303 3613 464 3670 facile
489 3616 776 3683 adsentior,
806 3630 859 3671 et
882 3619 1008 3690 quia
1029 3638 1138 3672 non
1163 3618 1327 3671 cohae·

303 3708 386 3749 ret
417 3712 632 3761 sensus,
669 3714 791 3749 eum
819 3708 1073 3769 sequutus
1099 3718 1242 3761 sum,
1269 3698 1332 3749 li·

305 3786 394 3827 eet
427 3775 482 3826 in
521 3774 850 3829 Salmasiano
879 3788 933 3827 et
955 3774 1201 3829 Leidensi
1237 3794 1330 3827 eo-

305 3852 432 3906 di'ce
449 3854 630 3906 omnia
657 3870 766 3907 uno
791 3866 844 3907 et
869 3868 1124 3925 perpetuo
1151 3866 1333 3907 tenore

307 3932 572 4003 legantur.

386 4012 508 4064 133.
536 4018 694 4063 Vocat
709 4016 759 4063 ἰη
784 4017 1060 4064 certamina
1075 4016 1244 4064 Divos:
1265 4012 1335 4065 ita

311 4092 369 4142 in
395 4089 604 4143 schedis
627 4090 758 4143 MSS
782 4104 836 4142 et
855 4090 999 4162 apud
1025 4092 1181 4162 Virg.
1208 4093 1328 4145 ΕΠ.

317 4172 394 4223 vl
417 4209 434 4236 ,
487 4189 615 4243 172:
645 4175 783 4223 divas
814 4170 981 4225 edidit
1007 4171 1298 4255 Scriverius
1315 4211 1330 4238 ,

1407 2194 1503 2264 qui
1524 2193 1627 2245 hoc
1649 2203 1701 2246 et
1718 2193 1959 2264 sequenti
1975 2211 2132 2246 versu
2161 2191 2427 2263 specimen

1406 2272 1569 2344 hujus
1603 2271 1805 2326 Medeae
1829 2271 2057 2326 absolvit
2081 2271 2136 2324 in
2168 2270 2427 2324 Collecta-

1409 2352 1523 2403 neit
1532 2362 1766 2404 veterum
1778 2350 2149 2423 Tragieorum,
2162 2350 2284 2403 licet
2301 2348 2429 2401 mal-

1409 2430 1514 2482 lem
1538 2448 1662 2483 eum
1684 2429 1757 2483 ad
1785 2430 1948 2485 finem
1974 2430 2311 2504 perduxisse:
2333 2426 2425 2483 sed

1411 2508 1617 2563 videtur
1634 2523 1827 2563 eaetera
1843 2530 1953 2564 non
1980 2510 2249 2565 addidisse
2263 2550 2278 2575 ,
2303 2509 2428 2581 quin

1407 2588 1464 2641 in
1500 2590 1685 2643 notula
1714 2590 1950 2663 subjecte
1986 2598 2196 2653 monet,
2230 2588 2432 2644 salma-

1408 2669 1547 2721 sium
1564 2668 1769 2741 reliqua
1788 2686 1851 2721 ex
1869 2668 2055 2722 iisdem
2069 2665 2432 2722 vetustissimis

1409 2748 1738 2805 membranis
1763 2765 1887 2802 cum
1914 2748 2027 2801 aliis
2055 2748 2289 2820 antiquie
2316 2765 2432 2799 mo·

1408 2829 1679 2881 numentis
1724 2826 2085 2900 compluribus
2106 2868 2124 2895 ,
2170 2827 2432 2879 hactenus

1411 2907 1651 2969 ineditis,
1669 2908 1726 2960 in
1746 2909 1919 2961 lucem
1934 2906 2247 2960 emissurum
2262 2942 2279 2969 ‚
2302 2924 2434 2977 quo-

1411 3004 1533 3039 rum
1554 3004 1700 3058 spem
1728 2999 1837 3040 tam
1866 2986 1919 3039 in
1945 2985 2347 3040 Commentario
2362 2981 2433 3036 ad

1412 3064 1615 3120 Hister.
1636 3068 1886 3138 Augnstae
1923 3066 2244 3138 Scriptores,
2272 3081 2436 3136 quam

1411 3146 1464 3198 in
1480 3144 1597 3200 aliis
1614 3146 1820 3217 scriptis
1840 3164 1948 3199 non
1970 3164 2095 3199 raro
2115 3145 2267 3197 fecit:
2288 3140 2435 3216 quod

1412 3242 1577 3295 quum
1588 3238 1761 3278 tumen
1772 3242 1879 3278 non
1888 3224 2212 3297 proestiterit‚
2220 3242 2317 3277 nos
2326 3242 2439 3295 gra·

1412 3305 1542 3357 tiam
1559 3303 1707 3357 haud
1725 3304 1969 3375 exiguam
1991 3314 2018 3355 a
2040 3304 2313 3355 Musarum
2327 3302 2437 3356 cul·

1413 3384 1619 3438 toribus
1648 3384 1873 3437 inituros
1901 3402 2258 3454 auguramur,
2287 3380 2434 3454 quod

1415 3461 1630 3515 tandem
1683 3463 1941 3533 integram
1998 3461 2243 3515 Medeam
2296 3460 2436 3515 hunc

1411 3540 1769 3613 Tragoediam,
1786 3540 1881 3595 sed
1896 3542 2028 3594 salso
2044 3542 2301 3595 hactenus
2315 3540 2441 3594 Ovi-

1413 3620 1631 3673 dianam
1661 3620 1917 3673 creditam
1939 3661 1955 3685 ,
1986 3638 2015 3672 e
2034 3620 2269 3674 tenebris
2292 3639 2439 3673 erue-

1419 3698 1587 3753 rimus
1606 3738 1621 3760 ‚
1644 3710 1917 3771 totamque
1942 3714 2005 3751 ex
2024 3698 2211 3751 eodem
2237 3699 2439 3753 Selme-

1419 3778 1571 3831 siano
1597 3778 1777 3831 codiee
1806 3777 2267 3849 publicani-imus.

1481 3856 1615 3909 138.
1657 3860 1879 3908 Pha-bum
1923 3877 2153 3925 superare
2197 3860 2440 3911 canendo-

1423 3936 1518 3987 Est
1544 3954 1608 3989 ex
1634 3934 1815 4007 Eclog.
1844 3937 1918 3999 V,
1948 3956 1980 4005 9
1996 3975 2011 3997 ,
2040 3935 2331 4006 eodemque
2354 3934 2443 3987 he-

1425 4014 1690 4068 misticbio
1714 4014 1880 4068 utitur
1898 4016 2080 4069 similis
2095 4026 2251 4088 poeta
2264 4015 2317 4067 in
2336 4014 2442 4067 alio

1419 4094 1658 4147 Centone
1678 4132 1692 4157 ,
1724 4094 1813 4147 ubi
1831 4093 1897 4146 de
1914 4093 2125 4167 Marsya
2144 4112 2157 4146 ε
2181 4120 2205 4140 ι
2221 4094 2440 4147 Formo·

1417 4190 1537 4226 sum
1569 4184 1751 4245 pastor
1776 4172 2037 4228 Phoebum
2070 4192 2321 4245 superare
2348 4192 2439 4229 ca-
