2964 4690
487 308 625 381 330
692 312 819 380 DE
865 312 1284 381 INTERPR.
1336 312 1473 381 AEN
1488 314 1921 383 IGMATUM
1971 315 2414 385 SYMPOSII.

482 441 565 506 de
608 458 871 507 auctore
914 443 1249 507 Lactantio
1294 460 1550 525 narrat,
1585 444 1668 508 ad
1713 445 1982 534 ejusque
2018 446 2354 512 sententiae
2391 448 2614 534 proeci-

482 572 643 637 puas
688 550 970 613 rationes
1015 548 1401 638 respondet,
1444 572 1638 614 usum
1683 551 1965 639 denique
1999 552 2197 631 hujus
2231 552 2424 615 libelli
2453 549 2648 615 aeni-'

485 670 776 744 gmatum
812 653 1244 719 commendat.
1282 654 1726 745 AEnigmatum
1765 657 2054 746 ipsorum
2097 657 2615 745 interpretationi

486 760 779 849 inprimis
832 760 1049 825 studet
1068 807 1088 842 ,
1142 776 1209 825 et
1267 762 1538 851 singulis
1595 764 2002 851 perspicuam
2055 764 2488 852 metaphrasin
2551 778 2620 827 et

484 868 835 933 verborum
896 868 1385 955 explicationem
1442 869 1740 951 subjicit3
1805 871 2093 935 contexti
2151 868 2498 959 castigandi
2551 885 2620 933 et

485 972 921 1039 constituendi
966 972 1246 1039 rationes
1298 974 1472 1039 notis
1521 973 1758 1039 criticis
1805 975 2236 1065 singularibus
2255 1023 2275 1057 ,
2321 996 2618 1039 seorsum

484 1077 707 1167 positis
723 1127 741 1161 ,
774 1094 841 1143 et
865 1077 947 1142 ad
976 1077 1169 1143 finem
1196 1079 1612 1170 aenigmatum
1639 1080 1918 1163 rejectis,
1945 1081 2260 1171 exposuit.
2287 1081 2621 1145 Heuman-

488 1186 678 1249 niana
724 1184 909 1273 copia
951 1184 1039 1249 ita
1076 1208 1234 1250 usus
1270 1203 1367 1251 est
1398 1185 1790 1251 clarissimus
1821 1185 2062 1270 editor,
2115 1204 2194 1252 ut
2229 1210 2308 1251 ex
2339 1186 2622 1251 illustra-

490 1290 773 1355 tionibus
823 1290 1153 1381 seligeret,
1198 1314 1343 1379 quae
1392 1290 1475 1357 ad
1529 1314 1670 1357 rem
1715 1314 1902 1355 suam
1947 1291 2158 1357 facere
2199 1290 2621 1367 videbantur,

488 1394 753 1461 adderet
797 1396 1107 1461 nonnulla
1131 1445 1150 1480 ,
1200 1420 1345 1485 quae
1392 1397 1829 1487 suppetebant
1869 1414 1982 1463 aut
2027 1399 2248 1463 animo
2281 1420 2622 1463 succurre-

490 1502 680 1582 bant,
730 1501 1079 1567 verborum
1130 1517 1347 1567 autem
1399 1518 1814 1583 contextum,
1867 1502 1936 1567 in
1984 1526 2122 1590 quo
2159 1501 2623 1567 constituendo

490 1606 687 1673 nimia
724 1629 872 1671 cum
906 1606 1205 1685 audacia,
1236 1625 1303 1673 et
1332 1609 1718 1697 plerumque
1755 1630 1889 1673 non
1923 1609 2076 1673 satis
2109 1606 2410 1689 feliciter,
2441 1608 2624 1671 Heu-

485 1736 763 1777 mannus
815 1728 1104 1779 versatus
1150 1732 1323 1796 erat,
1382 1715 1725 1804 diligenter
1776 1715 1996 1777 denuo
2049 1728 2430 1779 recenseret.
2483 1714 2626 1777 Nos

490 1817 663 1882 idem
712 1819 1053 1883 consilium
1094 1821 1159 1883 in
1210 1820 1546 1883 tractando
1581 1819 1925 1908 Symposio
1957 1840 2344 1906 sequemur,
2377 1834 2444 1883 et
2477 1842 2626 1907 quae

492 1926 919 1987 Heumannus
965 1940 1108 1989 tum
1160 1924 1227 1987 in
1274 1923 1660 1988 lectionibus
1712 1923 2108 1988 variantibus
2155 1924 2581 2012 congerendis
2603 1974 2626 2006 ,

494 2046 633 2093 tum
664 2028 731 2091 in
760 2026 1289 2092 adnotationibus
1314 2029 1447 2093 suis
1476 2045 1544 2092 et
1567 2029 1844 2093 aliorum
1869 2028 2309 2117 adponendis,
2337 2029 2630 2095 subsidia

491 2136 574 2201 ad
615 2133 1057 2224 castigandum
1108 2134 1347 2221 pariter
1392 2149 1458 2198 et
1491 2133 1950 2200 illustrandum
1993 2135 2264 2218 obtulit,
2311 2135 2412 2200 his
2453 2137 2626 2201 salu-

494 2242 725 2320 briter,
758 2256 825 2305 et
852 2262 1005 2304 cum
1038 2238 1327 2319 delectu,
1364 2258 1430 2303 et
1458 2238 1706 2327 judicio
1751 2238 2044 2304 adhibito
2077 2256 2370 2321 utemur3
2399 2258 2585 2305 notas
2604 2291 2625 2324 ‚

496 2371 639 2436 quae
672 2370 811 2412 rem
846 2347 1291 2413 obscuriorem
1341 2347 1492 2411 satis
1528 2344 1820 2435 adposite
1865 2363 1930 2412 et
1975 2345 2316 2413 commode
2349 2348 2626 2438 explica-

493 2469 687 2530 runt,
731 2451 983 2534 adjecto
1029 2454 1311 2517 auctoris
1360 2455 1662 2536 nomine,
1715 2454 2215 2541 usurpabimus3
2259 2477 2296 2518 e
2344 2455 2630 2532 caeteris,

494 2579 639 2646 quae
688 2559 779 2622 rei
825 2558 1215 2647 explicandae
1258 2559 1439 2623 utilia
1490 2558 1890 2623 videbuntur
1909 2605 1928 2640 ,
1963 2559 2119 2624 hinc
2155 2558 2306 2623 inde
2343 2557 2630 2648 dispersa

494 2687 953 2754 congeremus,
1002 2689 1217 2754 neque
1262 2683 1475 2730 tamen
1515 2665 1636 2753 ipsi
1681 2663 2005 2753 adponere
2053 2680 2121 2729 et
2162 2664 2469 2730 adnotare
2509 2688 2628 2730 ne-

496 2772 844 2861 gligemus,
888 2771 941 2834 si
999 2796 1126 2860 qua
1168 2773 1415 2861 aptiora
1458 2772 1544 2836 ad
1581 2770 1992 2859 probandum
2028 2772 2130 2835 vel
2175 2771 2630 2838 illustrandum

494 2877 910 2943 videbuntur.
945 2880 1291 2966 Reliquum
1319 2895 1449 2960 est,
1478 2894 1556 2942 ut
1582 2879 1811 2943 seriem
1841 2877 2234 2966 ordinesque
2263 2877 2630 2944 editionum

496 3007 971 3073 proponamus.
1010 2985 1248 3072 quibus
1293 2985 1662 3074 AEnigmata
1705 2985 2028 3073 Symposii
2063 2985 2164 3050 vel
2196 2984 2446 3074 integra
2465 3035 2482 3062 ‚
2527 2985 2634 3048 vel

499 3112 575 3154 ex
610 3106 823 3177 parte,
862 3089 1115 3178 vulgata
1148 3106 1326 3154 sunt.
