2964 4690
777 359 911 426 DE
961 357 1289 427 CULTU
1337 356 1937 430 HORTORUM.

2333 363 2423 434 33

392 478 551 566 Quo
585 476 830 546 Bacchi
870 501 1115 571 geum,
1159 493 1279 547 aut
1311 477 1529 549 aliena
1566 483 1773 577 stirpe
1808 499 2077 578 gravata

391 587 580 658 Mitis
613 587 946 682 adoptatis
980 603 1294 658 curvetur
1328 588 1632 685 frugibus
1664 594 1895 678 arbos,

395 697 685 768 Pierides
726 699 908 768 tenui
945 697 1254 769 deducite
1294 702 1589 770 carmine
1627 705 1858 772 Musae.
2378 737 2432 778 ιο

493 810 744 880 Oceani
777 809 1006 879 sitiens
1038 833 1249 903 quum
1283 809 1426 904 jam
1465 812 1668 882 Canis
1703 813 1995 884 hauserit
2038 815 2281 902 undaS‚

399 923 487 990 Et
531 917 802 1014 paribus
835 919 1032 989 Titan
1075 919 1306 988 orbem
1349 918 1691 992 libraverit
1729 923 1949 1011 horis„

400 1031 629 1119 Quum
675 1018 864 1099 satur
899 1033 1284 1101 Autumnus
1327 1055 1647 1125 quassans
1690 1058 1808 1104 sua
1845 1048 2143 1130 tempora
2180 1038 2435 1131 pomis,

305 1227 428 1282 setis
439 1253 480 1280 -.
493 1225 562 1278 Et
577 1245 660 1278 ars
679 1231 912 1278 Paestana
929 1244 1028 1298 pro
1045 1225 1320 1280 hortorum

307 1320 360 1361 et
393 1305 586 1359 florum
637 1303 850 1360 cultura
889 1304 1034 1376 apud
1075 1307 1324 1360 Strabum

305 1385 520 1440 Gallum
550 1385 605 1437 in
631 1383 890 1448 Hortulo,
910 1385 1117 1457 profat.
1153 1402 1228 1440 ts.
1261 1402 1324 1438 s:

309 1491 336 1512 a
357 1465 402 1517 si
441 1464 560 1536 quis
598 1463 843 1516 Paestana
881 1461 1094 1516 deditus
1141 1463 1243 1516 arti
1278 1489 1323 1516 ι.

309 1543 808 1602 scum—Gemmeus
829 1541 1072 1604 floreant,
1089 1543 1146 1594 in
1181 1560 1326 1612 gem-

311 1641 410 1676 me
427 1620 644 1674 modum
669 1619 995 1692 splendeant.
1013 1619 1194 1692 virgil.
1219 1619 1326 1672 Cu-

311 1701 412 1756 lice
432 1737 452 1764 ,
477 1719 554 1754 vs.
577 1703 678 1768 69:
717 1697 962 1752 -Florida
985 1717 1150 1770 quum
1174 1699 1328 1752 tellus

313 1791 636 1852 gemmantes
655 1781 794 1851 picta
821 1771 918 1850 per
939 1777 1130 1832 herbas
1148 1817 1164 1843 ,
1187 1779 1329 1832 Vere

314 1872 460 1915 notat
493 1858 638 1913 dulci
667 1856 915 1911 distincta
941 1857 1208 1911 coloribus
1245 1876 1333 1911 ar·

313 1959 438 1994 va».
477 1941 640 1994 Scun.
690 1937 835 1990 Infra
865 1955 945 1990 vs.
981 1937 1122 1996 258:
1162 1962 1184 1985 ι
1209 1937 1330 1990 Jam

314 2019 562 2092 Phrygia
605 2016 701 2070 loti
752 2017 1082 2090 gemmantia
1125 2015 1328 2068 lumina

314 2110 617 2173 promunt».
660 2099 914 2148 Gemmeus
941 2099 1104 2167 flores
1157 2095 1330 2148 dicere

317 2177 528 2233 videtur
568 2188 752 2230 auctor
793 2175 1000 2247 Pervig.
1044 2176 1185 2228 Ven.
1227 2174 1287 2228 13
1312 2192 1327 2226 ε

318 2284 344 2304 ο-
362 2259 484 2330 Ipsa
501 2255 747 2326 gemmeis
761 2267 1140 2326 purpurantem
1166 2255 1334 2326 pingit

317 2356 518 2391 anuum
543 2335 766 2390 floribus
778 2362 820 2387 ι.

387 2418 473 2472 38.
503 2418 682 2470 Alieno
703 2416 764 2467 L.
796 2425 848 2467 et
869 2414 962 2468 MS
981 2412 1125 2486 apud
1146 2414 1330 2468 Heius.

320 2495 388 2549 ad
403 2498 554 2569 Virg.
574 2498 696 2548 AEn.
713 2494 820 2547 ΧΠ
838 2535 855 2562 ,
875 2496 996 2564 781.

390 2576 474 2645 39.
521 2577 782 2644 Adoptatis
829 2588 1049 2625 curvetur
1079 2576 1330 2642 frugibus.

321 2661 498 2725 stages
539 2674 640 2727 pro
676 2653 936 2707 fructibus
954 2690 970 2716 ,
989 2664 1048 2705 ut
1077 2652 1332 2725 Calpurn.

321 2734 488 2801 vm,
529 2738 598 2806 67
624 2752 638 2787 τ
697 2758 720 2781 α
741 2734 990 2805 omnique
1043 2751 1107 2785 ex
1148 2732 1336 2785 arbore

326 2814 502 2887 fruges
515 2840 560 2866 -.
585 2814 845 2880 Adoptatis
861 2830 962 2885 pro
979 2810 1164 2864 insitis.
1178 2811 1337 2864 Ovid.

322 2892 534 2947 Remed.
556 2912 604 2946 v.
623 2890 720 2961 195
740 2908 754 2943 :
773 2889 1018 2945 «Venerit
1029 2890 1230 2955 insiti03
1257 2890 1338 2945 fac

321 2990 524 3025 samum
549 2989 729 3024 ramus
747 2968 961 3041 adoptet
975 3008 990 3031 ‚
1005 2970 1219 3041 Stetque
1239 2988 1336 3042 pe-

323 3050 545 3121 regrinis
576 3050 740 3124 arbor
761 3060 943 3119 operta
969 3048 1136 3101 comis
1153 3074 1198 3102 a.
1219 3050 1336 3102 Pal·

324 3130 494 3184 ladius
514 3129 582 3183 de
601 3130 746 3182 Insit.
772 3148 822 3181 v.
847 3148 936 3182 20:
959 3154 983 3173 o·
1000 3128 1130 3194 Quae
1147 3130 1339 3200 quibus

325 3209 608 3282 hospitium
619 3206 1097 3280 prestentvirgulta
1117 3206 1343 3276 docebo,

328 3292 458 3355 Qua
479 3289 548 3342 sit
569 3286 828 3359 adoptivis
851 3289 1009 3340 arbor
1035 3300 1225 3341 onusta
1253 3306 1341 3341 co-

327 3368 485 3421 mis».
514 3372 740 3420 Car-vetur
763 3366 1138 3419 abundantiam
1161 3386 1344 3438 pomo-

327 3467 448 3501 rum
467 3446 723 3518 exprimit.
743 3444 898 3499 Ovid.
917 3444 1193 3499 Remed.v.
1215 3448 1338 3517 175:

329 3555 356 3573 e·
372 3527 596 3599 Adspice
627 3538 870 3579 curvatos
904 3542 1184 3596 pomorum
1217 3544 1347 3597 pon-

330 3606 458 3660 dere
481 3623 686 3669 ramos;
707 3604 782 3657 Ut
802 3623 920 3667 sua,
938 3602 1084 3677 quod
1111 3605 1343 3676 peperit,

332 3686 417 3738 vix
441 3687 577 3739 ferat
599 3684 760 3737 arbor
784 3702 916 3737 onus
931 3708 976 3735 n.

403 3772 487 3829 40.
507 3767 664 3817 Tenui
679 3768 902 3816 deducite
921 3763 1345 3818 commessuris-

331 3844 580 3897 lationcm
628 3862 740 3897 esse
790 3862 819 3895 a
873 3842 1168 3895 texentibus
1186 3883 1202 3907 ,
1250 3854 1344 3895 aut

332 3922 512 3977 lanam
537 3924 590 3976 in
617 3922 706 3975 fila
734 3922 1078 3985 ducentibus,
1103 3922 1344 3975 observat

333 4016 384 4055 et
423 4003 668 4075 pluribus
709 4002 840 4056 locis
862 4002 1050 4074 probat
1085 4001 1348 4065 Barthius,

333 4082 468 4135 Adv.
489 4085 514 4135 1
539 4120 554 4147 ‚
580 4103 628 4136 2.
649 4082 972 4154 Expressisse
997 4080 1209 4133 videtur
1229 4080 1350 4132 Vir-

633 4178 712 4244 V
701 4176 797 4242 II.

1412 1228 1524 1298 gilii
1554 1227 1838 1284 dictionem
1859 1267 1876 1295 ,
1895 1229 2130 1298 Eetvl,
2148 1231 2179 1286 5
2194 1249 2207 1284 :
2224 1257 2251 1278 ιι
2272 1231 2435 1286 dedu-

1413 1319 1557 1361 ctum
1594 1308 1771 1362 dicere
1810 1328 2062 1363 carmen·
2079 1348 2098 1375 ,
2122 1311 2157 1363 i.
2193 1330 2245 1364 e.
2274 1323 2434 1364 tenue

1414 1399 1465 1440 et
1492 1387 1839 1458 pastoritium.
1864 1387 1967 1444 sed
2001 1388 2057 1440 id
2095 1389 2302 1461 plenius
2342 1407 2431 1442 ex·

1411 1465 1669 1537 plicamus
1714 1465 1782 1520 ad
1805 1468 2147 1534 Maximiani,
2176 1473 2436 1526 dedzaceam

1413 1564 1590 1596 weem
1616 1545 1917 1617 usurpantis
1941 1582 1956 1609 ,
1976 1545 2122 1616 Eleg.
2142 1547 2216 1610 V,
2242 1547 2357 1600 105.

1487 1626 1849 1691 41.Quumja1n
1866 1625 2015 1676 Canis
2028 1627 2435 1687 kausa-ituream,

1415 1699 1521 1754 hoc
1566 1714 1642 1754 est
1657 1743 1673 1767 ‚
1690 1687 1825 1772 ”post
1864 1720 2109 1756 occasum
2146 1703 2434 1760 Canicula.

1416 1779 1597 1844 Quum
1632 1779 1803 1834 sidera
1832 1798 1863 1834 a
1888 1781 2060 1852 poetis
2084 1782 2137 1834 in
2163 1783 2434 1837 Oceanum

1413 1859 1606 1912 cadere
1622 1858 1896 1924 dicuntur,
1916 1879 2016 1933 pro
2034 1866 2235 1935 majore
2250 1875 2439 1917 ornatu

1416 1938 1573 1991 Canis
1588 1937 1823 2010 fingitur,
1840 1941 1963 2010 quia
1986 1937 2135 1992 sidus
2150 1939 2444 2011 flagrantis·

1416 2017 1607 2069 simum
1626 2057 1643 2082 ,
1669 2017 1820 2088 quasi
1847 2018 2028 2072 sitiens
2056 2038 2120 2072 ex
2148 2033 2277 2073 aestu
2293 2057 2309 2082 ,
2336 2039 2441 2072 un·

1417 2095 1514 2150 das
1540 2096 1743 2149 Oceani
1764 2095 1980 2150 haurire
1997 2139 2012 2164 ,
2040 2109 2195 2168 potus
2221 2099 2405 2170 gratia.

1490 2181 1580 2237 42.
1606 2178 1804 2226 Par-ihus
1823 2179 1985 2227 orbem
2012 2179 2259 2238 libraverit
2277 2181 2437 2240 horis,

1419 2254 1644 2325 equales
1676 2252 1885 2307 dierum
1921 2265 1973 2307 et
2010 2256 2249 2308 noctium
2283 2256 2443 2312 horas

1419 2333 1621 2387 fecerit.
1640 2331 1861 2387 Adludit
1886 2331 1953 2387 ad
1972 2335 2212 2402 Libram,
2232 2337 2442 2409 signum

1419 2414 1653 2479 celeste,
1688 2414 1835 2486 quod
1868 2414 2169 2486 ingreditur
2203 2417 2292 2471 Sol
2338 2420 2441 2471 sub

1420 2493 1737 2567 equinoctio
1748 2494 2007 2547 autumni.
2022 2494 2181 2560 Quod
2196 2494 2444 2550 disertius

1421 2573 1669 2645 expressit
1710 2574 1898 2645 virgil.
1952 2573 2143 2646 Geor-g.-
2184 2576 2211 2627 1
2229 2615 2244 2642 ,
2306 2579 2406 2630 208
2426 2594 2441 2627 :

1425 2679 1447 2702 ι
1465 2655 1623 2707 Libra
1656 2652 1743 2706 die
1778 2652 2055 2723 somnique
2079 2674 2231 2726 pares
2252 2656 2343 2708 ubi
2366 2657 2441 2709 fe·

1421 2732 1551 2787 eerit
1566 2732 1722 2785 horas
1740 2769 1757 2795 ,
1780 2732 1845 2784 Et
1872 2731 2108 2784 medium
2144 2734 2249 2786 luci
2284 2745 2445 2805 atque

1426 2811 1625 2865 umbris
1636 2811 1747 2881 jam
1768 2808 1955 2863 dividit
1967 2812 2149 2863 orbem
2163 2837 2204 2864 ο,
2220 2814 2446 2865 Accura-

1423 2890 1613 2943 tiorem
1650 2890 1809 2960 hujus
1846 2886 2087 2943 dictionis
2130 2890 2447 2962 explanatio·

1423 2988 1545 3022 nem
1573 2967 1929 3021 desiderantes
1957 2966 2147 3021 adeant
2178 2968 2445 3042 Heynium

1425 3046 1494 3103 ad
1512 3058 1552 3101 t.
1576 3048 1631 3113 1,
1650 3066 1705 3119 p.
1740 3048 1835 3101 281
1858 3062 1995 3103 nost.
2024 3046 2111 3102 ed.
2130 3047 2315 3119 virgil.
2336 3049 2441 3103 En.

1496 3128 1579 3194 43.
1602 3134 1756 3195 Quom
1774 3129 1970 3180 satur-J.
1988 3128 2051 3181 Β.
2065 3129 2345 3181 R.—-Satur
2358 3149 2448 3179 an-

1425 3208 1756 3279 mmnus,quia
1774 3208 2047 3259 fructuum
2060 3218 2209 3261 terroe
2224 3207 2448 3280 opulen-

1425 3288 1555 3343 tiam
1580 3285 1777 3348 adfert,
1806 3285 1877 3339 ad
1910 3286 2231 3347 saturitatem
2268 3288 2446 3340 homi-

1429 3386 1561 3420 num
1608 3366 1901 3437 quaesitam‚
1938 3379 1998 3418 ut
2040 3382 2224 3418 satum
2264 3386 2443 3419 messes

1430 3445 1637 3499 Lucilio
1670 3445 1729 3497 in
1752 3448 1895 3498 AEtn.
1916 3463 1993 3499 vs.
2020 3464 2081 3498 12
2100 3482 2115 3505 ‚
2147 3458 2199 3500 et
2227 3460 2443 3497 saturum

1433 3544 1515 3576 ms
1546 3525 1721 3577 Persio
1735 3563 1754 3590 ,
1772 3523 1799 3574 1
1814 3561 1831 3587 ‚
1852 3542 1912 3594 7¹
1927 3562 1944 3589 ‚
1965 3524 2175 3577 dicitur.
2196 3556 2269 3567 --
2292 3530 2445 3591 Quas·

1431 3623 1553 3655 sans
1602 3622 1694 3654 sua
1741 3617 1955 3671 tempora
1995 3606 2168 3671 pomis.
2220 3604 2448 3675 Respicit

1429 3684 1655 3754 figuram
1696 3682 1950 3748 ,Autumni
1992 3684 2227 3737 coronati
2254 3682 2443 3755 pomis.

1430 3764 1612 3816 Horat.
1641 3762 1811 3833 Epod.
1835 3780 1862 3813 2
1883 3803 1900 3828 ‚
1926 3780 1987 3831 ¹7
2007 3779 2021 3813 ε
2040 3760 2323 3815 «decorum
2350 3762 2450 3813 mi·

1431 3842 1573 3895 tibus
1591 3852 1750 3912 caput
1770 3841 1941 3911 pomis
1956 3866 1997 3893 n.
2027 3841 2260 3895 Gustu-
2280 3840 2365 3893 sic
2392 3842 2447 3893 iu

1429 3921 1607 3993 Epigr.
1618 3918 1687 3974 de
1696 3932 1923 3993 quatuor
1933 3933 2037 3995 tem
2042 3938 2232 3990 porum
2248 3920 2449 3989 pictura

1434 4000 1691 4051 Autumni
1705 4010 1861 4071 caput
1876 3998 2091 4071 palmite
2104 3998 2331 4055 cinctum
2342 4009 2445 4051 est:

1439 4106 1464 4126 α
1480 4078 1686 4137 Iudicat
1714 4092 2027 4131 autumnum
2044 4077 2319 4131 redimitus
2338 4078 2451 4149 pal·

2176 4167 2215 4235 3
