<?xml version="1.0" encoding="UTF-8"?>
<!DOCTYPE html PUBLIC "-//W3C//DTD XHTML 1.0 Transitional//EN"
    "http://www.w3.org/TR/xhtml1/DTD/xhtml1-transitional.dtd">
<html xmlns="http://www.w3.org/1999/xhtml" xml:lang="en" lang="en">
 <head>
  <title>
</title>
<meta http-equiv="Content-Type" content="text/html;charset=utf-8" />
  <meta name='ocr-system' content='tesseract 3.04.00' />
  <meta name='ocr-capabilities' content='ocr_page ocr_carea ocr_par ocr_line ocrx_word'/>
</head>
<body>
  <div class='ocr_page' id='page_1' title='image "./poetaelatinimin02unkngoog_0344.png"; bbox 0 0 2964 4690; ppageno 0'>
   <div class='ocr_carea' id='block_1_1' title="bbox 811 398 2432 471">
    <p class='ocr_par' dir='ltr' id='par_1_1' title="bbox 811 398 2432 471">
     <span class='ocr_line' id='line_1_1' title="bbox 811 398 2432 471; baseline 0 -2"><span class='ocrx_word' id='word_1_1' title='bbox 811 402 1367 470; x_wconf 88' lang='lat' dir='ltr'><strong>EDITIONES</strong></span> <span class='ocrx_word' id='word_1_2' title='bbox 1414 399 1925 470; x_wconf 87' lang='lat' dir='ltr'><strong>SYMPOSII.</strong></span> <span class='ocrx_word' id='word_1_3' title='bbox 2293 398 2432 471; x_wconf 80' lang='lat'><strong>335</strong></span> 
     </span>
    </p>
   </div>
   <div class='ocr_carea' id='block_1_2' title="bbox 311 528 2454 1569">
    <p class='ocr_par' dir='ltr' id='par_1_2' title="bbox 311 528 2454 1569">
     <span class='ocr_line' id='line_1_2' title="bbox 311 528 2439 617; baseline 0 -22"><span class='ocrx_word' id='word_1_4' title='bbox 311 532 418 595; x_wconf 79' lang='lat' dir='ltr'><strong>lx.</strong></span> <span class='ocrx_word' id='word_1_5' title='bbox 486 529 760 595; x_wconf 79' lang='lat' dir='ltr'><strong>Iacobus</strong></span> <span class='ocrx_word' id='word_1_6' title='bbox 805 531 1131 594; x_wconf 74' lang='lat' dir='ltr'><em>Pantanus</em></span> <span class='ocrx_word' id='word_1_7' title='bbox 1183 528 1530 592; x_wconf 81' lang='lat' dir='ltr'><strong>voluminis</strong></span> <span class='ocrx_word' id='word_1_8' title='bbox 1581 530 1754 593; x_wconf 87' lang='lat' dir='ltr'><strong>tertii</strong></span> <span class='ocrx_word' id='word_1_9' title='bbox 1798 529 2439 617; x_wconf 71' lang='lat' dir='ltr'><strong>Progymnasmatum</strong></span> 
     </span>
     <span class='ocr_line' id='line_1_3' title="bbox 394 633 2437 723; baseline 0.002 -26"><span class='ocrx_word' id='word_1_10' title='bbox 394 634 760 699; x_wconf 78' lang='lat' dir='ltr'><em>Latinitatis</em></span> <span class='ocrx_word' id='word_1_11' title='bbox 794 650 975 723; x_wconf 82' lang='lat' dir='ltr'><strong>parte</strong></span> <span class='ocrx_word' id='word_1_12' title='bbox 1024 634 1273 722; x_wconf 86' lang='lat' dir='ltr'><strong>priore,</strong></span> <span class='ocrx_word' id='word_1_13' title='bbox 1324 656 1467 721; x_wconf 82' lang='lat' dir='ltr'><strong>quoe</strong></span> <span class='ocrx_word' id='word_1_14' title='bbox 1519 633 1762 721; x_wconf 90' lang='lat' dir='ltr'><strong>prodiit</strong></span> <span class='ocrx_word' id='word_1_15' title='bbox 1809 633 2184 722; x_wconf 80' lang='lat' dir='ltr'><strong>Ingolstadii</strong></span> <span class='ocrx_word' id='word_1_16' title='bbox 2237 636 2398 723; x_wconf 81' lang='lat'>1592</span> <span class='ocrx_word' id='word_1_17' title='bbox 2419 687 2437 717; x_wconf 88' lang='lat'>‚</span> 
     </span>
     <span class='ocr_line' id='line_1_4' title="bbox 395 738 2440 830; baseline 0.002 -28"><span class='ocrx_word' id='word_1_18' title='bbox 395 739 577 819; x_wconf 64' lang='lat' dir='ltr'><strong>itu-8,</strong></span> <span class='ocrx_word' id='word_1_19' title='bbox 613 763 755 829; x_wconf 81' lang='lat' dir='ltr'><strong>pag.</strong></span> <span class='ocrx_word' id='word_1_20' title='bbox 791 762 923 827; x_wconf 84' lang='lat'><strong>779</strong></span> <span class='ocrx_word' id='word_1_21' title='bbox 958 761 1137 827; x_wconf 87' lang='lat' dir='ltr'><strong>seqq.</strong></span> <span class='ocrx_word' id='word_1_22' title='bbox 1170 762 1380 803; x_wconf 86' lang='lat' dir='ltr'><strong>unum</strong></span> <span class='ocrx_word' id='word_1_23' title='bbox 1412 738 1608 804; x_wconf 86' lang='lat' dir='ltr'><strong>habet</strong></span> <span class='ocrx_word' id='word_1_24' title='bbox 1642 740 2106 829; x_wconf 75' lang='lat' dir='ltr'><strong>(num-XLII)</strong></span> <span class='ocrx_word' id='word_1_25' title='bbox 2139 742 2318 830; x_wconf 87' lang='lat' dir='ltr'><strong>quod</strong></span> <span class='ocrx_word' id='word_1_26' title='bbox 2347 744 2440 807; x_wconf 89' lang='lat' dir='ltr'><strong>in-</strong></span> 
     </span>
     <span class='ocr_line' id='line_1_5' title="bbox 396 846 2440 935; baseline 0.001 -24"><span class='ocrx_word' id='word_1_27' title='bbox 396 847 649 935; x_wconf 72' lang='lat' dir='ltr'>scripsit</span> <span class='ocrx_word' id='word_1_28' title='bbox 679 848 1066 935; x_wconf 82' lang='lat' dir='ltr'><strong>AEm’gmata</strong></span> <span class='ocrx_word' id='word_1_29' title='bbox 1078 894 1101 926; x_wconf 91' lang='lat'>‚</span> <span class='ocrx_word' id='word_1_30' title='bbox 1130 846 1246 909; x_wconf 87' lang='lat' dir='ltr'><strong>ubi</strong></span> <span class='ocrx_word' id='word_1_31' title='bbox 1278 846 1526 933; x_wconf 84' lang='lat' dir='ltr'><strong>aliquot</strong></span> <span class='ocrx_word' id='word_1_32' title='bbox 1553 846 1876 934; x_wconf 81' lang='lat' dir='ltr'><strong>Symposii</strong></span> <span class='ocrx_word' id='word_1_33' title='bbox 1916 846 2208 929; x_wconf 83' lang='lat' dir='ltr'><strong>exhibet,</strong></span> <span class='ocrx_word' id='word_1_34' title='bbox 2243 851 2440 915; x_wconf 86' lang='lat' dir='ltr'><strong>tacito</strong></span> 
     </span>
     <span class='ocr_line' id='line_1_6' title="bbox 400 952 2446 1033; baseline 0.002 -18"><span class='ocrx_word' id='word_1_35' title='bbox 400 968 609 1015; x_wconf 81' lang='lat' dir='ltr'><strong>tamen</strong></span> <span class='ocrx_word' id='word_1_36' title='bbox 658 967 724 1016; x_wconf 88' lang='lat' dir='ltr'><strong>et</strong></span> <span class='ocrx_word' id='word_1_37' title='bbox 768 952 1051 1018; x_wconf 86' lang='lat' dir='ltr'><strong>auctoris</strong></span> <span class='ocrx_word' id='word_1_38' title='bbox 1102 974 1332 1016; x_wconf 88' lang='lat' dir='ltr'><strong>eorum</strong></span> <span class='ocrx_word' id='word_1_39' title='bbox 1388 952 1694 1033; x_wconf 89' lang='lat' dir='ltr'><strong>nomine,</strong></span> <span class='ocrx_word' id='word_1_40' title='bbox 1745 968 1812 1016; x_wconf 90' lang='lat' dir='ltr'><strong>et</strong></span> <span class='ocrx_word' id='word_1_41' title='bbox 1854 952 2070 1033; x_wconf 84' lang='lat' dir='ltr'><strong>fonte,</strong></span> <span class='ocrx_word' id='word_1_42' title='bbox 2119 954 2294 1018; x_wconf 88' lang='lat' dir='ltr'><strong>unde</strong></span> <span class='ocrx_word' id='word_1_43' title='bbox 2337 955 2446 1020; x_wconf 79' lang='lat' dir='ltr'><strong>illa</strong></span> 
     </span>
     <span class='ocr_line' id='line_1_7' title="bbox 398 1055 2447 1147; baseline 0.001 -28"><span class='ocrx_word' id='word_1_44' title='bbox 398 1056 719 1138; x_wconf 80' lang='lat' dir='ltr'><strong>hauserit3</strong></span> <span class='ocrx_word' id='word_1_45' title='bbox 756 1056 1141 1121; x_wconf 72' lang='lat' dir='ltr'><strong>nominatim</strong></span> <span class='ocrx_word' id='word_1_46' title='bbox 1172 1080 1235 1145; x_wconf 87' lang='lat' dir='ltr'><strong>p.</strong></span> <span class='ocrx_word' id='word_1_47' title='bbox 1267 1056 1397 1143; x_wconf 81' lang='lat'><strong>783</strong></span> <span class='ocrx_word' id='word_1_48' title='bbox 1434 1055 1518 1119; x_wconf 88' lang='lat' dir='ltr'><strong>de</strong></span> <span class='ocrx_word' id='word_1_49' title='bbox 1562 1056 1786 1136; x_wconf 80' lang='lat' dir='ltr'><strong>Clave,</strong></span> <span class='ocrx_word' id='word_1_50' title='bbox 1821 1056 1902 1121; x_wconf 74' lang='lat' dir='ltr'><strong>de</strong></span> <span class='ocrx_word' id='word_1_51' title='bbox 1931 1058 2132 1123; x_wconf 74' lang='lat' dir='ltr'><strong>Tinea</strong></span> <span class='ocrx_word' id='word_1_52' title='bbox 2153 1084 2180 1138; x_wconf 85' lang='grc'><strong>,-</strong></span> <span class='ocrx_word' id='word_1_53' title='bbox 2215 1082 2280 1147; x_wconf 89' lang='lat' dir='ltr'><strong>p.</strong></span> <span class='ocrx_word' id='word_1_54' title='bbox 2317 1057 2447 1147; x_wconf 87' lang='grc'><strong>784</strong></span> 
     </span>
     <span class='ocr_line' id='line_1_8' title="bbox 398 1162 2447 1254; baseline 0.002 -29"><span class='ocrx_word' id='word_1_55' title='bbox 398 1163 477 1226; x_wconf 79' lang='lat' dir='ltr'><strong>de</strong></span> <span class='ocrx_word' id='word_1_56' title='bbox 498 1162 701 1227; x_wconf 84' lang='lat' dir='ltr'><strong>Fumo</strong></span> <span class='ocrx_word' id='word_1_57' title='bbox 720 1211 738 1244; x_wconf 88' lang='lat'>,</span> <span class='ocrx_word' id='word_1_58' title='bbox 766 1186 831 1250; x_wconf 92' lang='lat' dir='ltr'><strong>p.</strong></span> <span class='ocrx_word' id='word_1_59' title='bbox 854 1163 981 1250; x_wconf 86' lang='lat'><strong>785</strong></span> <span class='ocrx_word' id='word_1_60' title='bbox 1014 1162 1095 1226; x_wconf 77' lang='lat' dir='ltr'><strong>de</strong></span> <span class='ocrx_word' id='word_1_61' title='bbox 1121 1162 1375 1241; x_wconf 76' lang='lat' dir='ltr'><strong>Somnv,</strong></span> <span class='ocrx_word' id='word_1_62' title='bbox 1404 1162 1486 1226; x_wconf 73' lang='lat' dir='ltr'><strong>de</strong></span> <span class='ocrx_word' id='word_1_63' title='bbox 1509 1164 1698 1227; x_wconf 79' lang='lat' dir='ltr'><strong>Mure</strong></span> <span class='ocrx_word' id='word_1_64' title='bbox 1711 1210 1733 1243; x_wconf 91' lang='lat'><strong><em>,</em></strong></span> <span class='ocrx_word' id='word_1_65' title='bbox 1749 1162 1829 1227; x_wconf 78' lang='lat' dir='ltr'><strong>de</strong></span> <span class='ocrx_word' id='word_1_66' title='bbox 1852 1164 2204 1251; x_wconf 75' lang='lat' dir='ltr'><strong>papavere,</strong></span> <span class='ocrx_word' id='word_1_67' title='bbox 2229 1189 2292 1254; x_wconf 89' lang='lat' dir='ltr'><strong>p.</strong></span> <span class='ocrx_word' id='word_1_68' title='bbox 2319 1166 2447 1252; x_wconf 86' lang='lat'><strong>786</strong></span> 
     </span>
     <span class='ocr_line' id='line_1_9' title="bbox 400 1268 2446 1359; baseline 0.002 -28"><span class='ocrx_word' id='word_1_69' title='bbox 400 1268 659 1356; x_wconf 87' lang='lat' dir='ltr'>aliquod</span> <span class='ocrx_word' id='word_1_70' title='bbox 686 1270 827 1333; x_wconf 88' lang='lat' dir='ltr'><strong>sine</strong></span> <span class='ocrx_word' id='word_1_71' title='bbox 862 1269 1055 1333; x_wconf 89' lang='lat' dir='ltr'><strong>titulo</strong></span> <span class='ocrx_word' id='word_1_72' title='bbox 1075 1318 1094 1352; x_wconf 86' lang='lat'>‚</span> <span class='ocrx_word' id='word_1_73' title='bbox 1128 1269 1419 1357; x_wconf 84' lang='lat' dir='ltr'><strong>itemque</strong></span> <span class='ocrx_word' id='word_1_74' title='bbox 1456 1268 1631 1333; x_wconf 86' lang='lat' dir='ltr'><strong>aliud</strong></span> <span class='ocrx_word' id='word_1_75' title='bbox 1662 1292 1807 1357; x_wconf 86' lang='lat' dir='ltr'><strong>pag.</strong></span> <span class='ocrx_word' id='word_1_76' title='bbox 1843 1268 1969 1357; x_wconf 85' lang='lat'><strong>787</strong></span> <span class='ocrx_word' id='word_1_77' title='bbox 2003 1271 2248 1359; x_wconf 86' lang='lat' dir='ltr'><strong>absque</strong></span> <span class='ocrx_word' id='word_1_78' title='bbox 2285 1272 2446 1337; x_wconf 89' lang='lat' dir='ltr'><strong>lem-</strong></span> 
     </span>
     <span class='ocr_line' id='line_1_10' title="bbox 401 1373 2450 1465; baseline 0.001 -28"><span class='ocrx_word' id='word_1_79' title='bbox 401 1391 569 1437; x_wconf 78' lang='lat' dir='ltr'><strong>mate</strong></span> <span class='ocrx_word' id='word_1_80' title='bbox 604 1376 883 1461; x_wconf 83' lang='lat' dir='ltr'><strong>profert,</strong></span> <span class='ocrx_word' id='word_1_81' title='bbox 938 1374 1009 1437; x_wconf 90' lang='lat' dir='ltr'><strong>in</strong></span> <span class='ocrx_word' id='word_1_82' title='bbox 1054 1373 1584 1439; x_wconf 80' lang='lat' dir='ltr'><strong>adnotationibus</strong></span> <span class='ocrx_word' id='word_1_83' title='bbox 1631 1389 1846 1439; x_wconf 79' lang='lat' dir='ltr'><strong>tamen</strong></span> <span class='ocrx_word' id='word_1_84' title='bbox 1904 1374 1986 1439; x_wconf 81' lang='lat' dir='ltr'><strong>ad</strong></span> <span class='ocrx_word' id='word_1_85' title='bbox 2037 1375 2166 1439; x_wconf 86' lang='lat' dir='ltr'><strong>hoc</strong></span> <span class='ocrx_word' id='word_1_86' title='bbox 2202 1376 2450 1465; x_wconf 79' lang='lat' dir='ltr'><strong>Progy-</strong></span> 
     </span>
     <span class='ocr_line' id='line_1_11' title="bbox 404 1478 2454 1569; baseline 0.002 -28"><span class='ocrx_word' id='word_1_87' title='bbox 404 1500 725 1559; x_wconf 84' lang='lat' dir='ltr'><strong>mnasma,</strong></span> <span class='ocrx_word' id='word_1_88' title='bbox 770 1501 835 1566; x_wconf 87' lang='lat' dir='ltr'><strong>p.</strong></span> <span class='ocrx_word' id='word_1_89' title='bbox 880 1500 1011 1566; x_wconf 88' lang='lat'><strong>790</strong></span> <span class='ocrx_word' id='word_1_90' title='bbox 1032 1526 1051 1561; x_wconf 92' lang='lat'><strong>,</strong></span> <span class='ocrx_word' id='word_1_91' title='bbox 1108 1479 1351 1543; x_wconf 82' lang='lat' dir='ltr'><strong>clavem</strong></span> <span class='ocrx_word' id='word_1_92' title='bbox 1396 1480 1638 1543; x_wconf 83' lang='lat' dir='ltr'><strong>horum</strong></span> <span class='ocrx_word' id='word_1_93' title='bbox 1669 1480 1862 1544; x_wconf 80' lang='lat' dir='ltr'><strong>etiam</strong></span> <span class='ocrx_word' id='word_1_94' title='bbox 1897 1478 2180 1544; x_wconf 88' lang='lat' dir='ltr'><strong>duorum</strong></span> <span class='ocrx_word' id='word_1_95' title='bbox 2211 1504 2454 1569; x_wconf 87' lang='lat' dir='ltr'><strong>suppe-</strong></span> 
     </span>
    </p>
   </div>
   <div class='ocr_carea' id='block_1_3' title="bbox 402 1582 2452 1780">
    <p class='ocr_par' dir='ltr' id='par_1_3' title="bbox 402 1582 2452 1780">
     <span class='ocr_line' id='line_1_12' title="bbox 402 1582 2452 1673; baseline 0.002 -26"><span class='ocrx_word' id='word_1_96' title='bbox 402 1583 559 1647; x_wconf 80' lang='lat' dir='ltr'><strong>ditat</strong></span> <span class='ocrx_word' id='word_1_97' title='bbox 574 1632 593 1667; x_wconf 91' lang='lat'>,</span> <span class='ocrx_word' id='word_1_98' title='bbox 632 1583 955 1671; x_wconf 80' lang='lat' dir='ltr'><strong>docetque</strong></span> <span class='ocrx_word' id='word_1_99' title='bbox 979 1608 1095 1671; x_wconf 90' lang='lat' dir='ltr'><strong>per</strong></span> <span class='ocrx_word' id='word_1_100' title='bbox 1122 1585 1303 1672; x_wconf 87' lang='lat' dir='ltr'><strong>prius</strong></span> <span class='ocrx_word' id='word_1_101' title='bbox 1334 1582 1566 1648; x_wconf 83' lang='lat' dir='ltr'><strong>Rotam</strong></span> <span class='ocrx_word' id='word_1_102' title='bbox 1580 1632 1596 1659; x_wconf 89' lang='lat'>‚</span> <span class='ocrx_word' id='word_1_103' title='bbox 1630 1607 1748 1672; x_wconf 90' lang='lat' dir='ltr'><strong>per</strong></span> <span class='ocrx_word' id='word_1_104' title='bbox 1777 1586 2098 1673; x_wconf 81' lang='lat' dir='ltr'><strong>posterius</strong></span> <span class='ocrx_word' id='word_1_105' title='bbox 2131 1586 2452 1651; x_wconf 73' lang='lat' dir='ltr'><strong>Nebulam</strong></span> 
     </span>
     <span class='ocr_line' id='line_1_13' title="bbox 402 1689 2448 1780; baseline 0.002 -29"><span class='ocrx_word' id='word_1_106' title='bbox 402 1690 690 1777; x_wconf 84' lang='lat' dir='ltr'><strong>intelligi.</strong></span> <span class='ocrx_word' id='word_1_107' title='bbox 730 1689 883 1752; x_wconf 77' lang='lat' dir='ltr'><strong>Haec</strong></span> <span class='ocrx_word' id='word_1_108' title='bbox 915 1702 1237 1753; x_wconf 85' lang='lat' dir='ltr'><strong>memorat</strong></span> <span class='ocrx_word' id='word_1_109' title='bbox 1266 1692 1552 1753; x_wconf 84' lang='lat' dir='ltr'><strong>Irenaeus</strong></span> <span class='ocrx_word' id='word_1_110' title='bbox 1587 1689 2013 1778; x_wconf 87' lang='lat' dir='ltr'><strong>Bibliophilus</strong></span> <span class='ocrx_word' id='word_1_111' title='bbox 2049 1693 2092 1756; x_wconf 93' lang='lat' dir='ltr'><strong>l.</strong></span> <span class='ocrx_word' id='word_1_112' title='bbox 2125 1715 2182 1756; x_wconf 88' lang='lat' dir='ltr'><strong>e.</strong></span> <span class='ocrx_word' id='word_1_113' title='bbox 2217 1716 2282 1780; x_wconf 90' lang='lat' dir='ltr'><strong>p.</strong></span> <span class='ocrx_word' id='word_1_114' title='bbox 2318 1690 2448 1780; x_wconf 87' lang='grc'><strong>489</strong></span> 
     </span>
    </p>
   </div>
   <div class='ocr_carea' id='block_1_4' title="bbox 384 1792 2458 2311">
    <p class='ocr_par' dir='ltr' id='par_1_4' title="bbox 384 1792 2458 2311">
     <span class='ocr_line' id='line_1_14' title="bbox 408 1792 2455 1882; baseline 0.002 -23"><span class='ocrx_word' id='word_1_115' title='bbox 408 1811 545 1859; x_wconf 88' lang='lat' dir='ltr'><strong>not.</strong></span> <span class='ocrx_word' id='word_1_116' title='bbox 578 1793 697 1857; x_wconf 71' lang='lat'><strong>***.</strong></span> <span class='ocrx_word' id='word_1_117' title='bbox 733 1794 867 1877; x_wconf 88' lang='lat' dir='ltr'><strong>Qui</strong></span> <span class='ocrx_word' id='word_1_118' title='bbox 902 1792 1193 1875; x_wconf 85' lang='lat' dir='ltr'><strong>dubitat,</strong></span> <span class='ocrx_word' id='word_1_119' title='bbox 1228 1816 1309 1857; x_wconf 83' lang='lat' dir='ltr'><strong>ex</strong></span> <span class='ocrx_word' id='word_1_120' title='bbox 1338 1816 1466 1882; x_wconf 85' lang='lat' dir='ltr'><strong>qua</strong></span> <span class='ocrx_word' id='word_1_121' title='bbox 1501 1792 1786 1858; x_wconf 84' lang='lat' dir='ltr'><strong>editione</strong></span> <span class='ocrx_word' id='word_1_122' title='bbox 1818 1797 2150 1863; x_wconf 84' lang='lat' dir='ltr'><strong>Pontanus</strong></span> <span class='ocrx_word' id='word_1_123' title='bbox 2183 1800 2286 1863; x_wconf 86' lang='lat' dir='ltr'><strong>illa</strong></span> <span class='ocrx_word' id='word_1_124' title='bbox 2315 1821 2455 1863; x_wconf 90' lang='lat' dir='ltr'><strong>mu·</strong></span> 
     </span>
     <span class='ocr_line' id='line_1_15' title="bbox 407 1899 2457 1981; baseline 0.002 -16"><span class='ocrx_word' id='word_1_125' title='bbox 407 1918 623 1966; x_wconf 83' lang='lat' dir='ltr'><strong>tuatus</strong></span> <span class='ocrx_word' id='word_1_126' title='bbox 672 1900 779 1965; x_wconf 87' lang='lat' dir='ltr'><strong>sit.</strong></span> <span class='ocrx_word' id='word_1_127' title='bbox 830 1899 997 1965; x_wconf 84' lang='lat' dir='ltr'><strong>Mihi</strong></span> <span class='ocrx_word' id='word_1_128' title='bbox 1048 1922 1203 1965; x_wconf 87' lang='lat' dir='ltr'><strong>vero</strong></span> <span class='ocrx_word' id='word_1_129' title='bbox 1244 1899 1552 1964; x_wconf 86' lang='lat' dir='ltr'><strong>credibile</strong></span> <span class='ocrx_word' id='word_1_130' title='bbox 1584 1916 1716 1981; x_wconf 87' lang='lat' dir='ltr'><strong>est,</strong></span> <span class='ocrx_word' id='word_1_131' title='bbox 1765 1901 2140 1966; x_wconf 82' lang='lat' dir='ltr'><strong>Castalionis</strong></span> <span class='ocrx_word' id='word_1_132' title='bbox 2171 1903 2457 1970; x_wconf 86' lang='lat' dir='ltr'><strong>editione</strong></span> 
     </span>
     <span class='ocr_line' id='line_1_16' title="bbox 407 2005 2454 2096; baseline 0.001 -25"><span class='ocrx_word' id='word_1_133' title='bbox 407 2008 620 2096; x_wconf 87' lang='lat' dir='ltr'><strong>priore</strong></span> <span class='ocrx_word' id='word_1_134' title='bbox 654 2028 845 2070; x_wconf 88' lang='lat' dir='ltr'><strong>usum</strong></span> <span class='ocrx_word' id='word_1_135' title='bbox 877 2028 1035 2071; x_wconf 83' lang='lat' dir='ltr'><strong>esse.</strong></span> <span class='ocrx_word' id='word_1_136' title='bbox 1066 2006 1143 2070; x_wconf 89' lang='lat' dir='ltr'><strong>In</strong></span> <span class='ocrx_word' id='word_1_137' title='bbox 1173 2005 1460 2072; x_wconf 88' lang='lat' dir='ltr'><strong>editione</strong></span> <span class='ocrx_word' id='word_1_138' title='bbox 1494 2006 2146 2096; x_wconf 74' lang='lat' dir='ltr'><strong>progymnasmatum</strong></span> <span class='ocrx_word' id='word_1_139' title='bbox 2173 2010 2454 2073; x_wconf 85' lang='lat' dir='ltr'><strong>Pontani</strong></span> 
     </span>
     <span class='ocr_line' id='line_1_17' title="bbox 384 2113 2456 2202; baseline 0.001 -23"><span class='ocrx_word' id='word_1_140' title='bbox 384 2115 802 2195; x_wconf 72' lang='lat' dir='ltr'><strong>recentiore,</strong></span> <span class='ocrx_word' id='word_1_141' title='bbox 851 2136 1049 2202; x_wconf 82' lang='lat' dir='ltr'><strong>quam</strong></span> <span class='ocrx_word' id='word_1_142' title='bbox 1096 2114 1237 2201; x_wconf 85' lang='lat' dir='ltr'><strong>ipse</strong></span> <span class='ocrx_word' id='word_1_143' title='bbox 1285 2113 1625 2202; x_wconf 78' lang='lat' dir='ltr'><strong>possiden,</strong></span> <span class='ocrx_word' id='word_1_144' title='bbox 1671 2114 1969 2179; x_wconf 81' lang='lat' dir='ltr'><strong>Francos.</strong></span> <span class='ocrx_word' id='word_1_145' title='bbox 2032 2116 2232 2196; x_wconf 77' lang='lat'>1634,</span> <span class='ocrx_word' id='word_1_146' title='bbox 2279 2118 2348 2179; x_wconf 89' lang='lat' dir='ltr'><strong>in</strong></span> <span class='ocrx_word' id='word_1_147' title='bbox 2369 2119 2456 2183; x_wconf 86' lang='lat'><strong>-8</strong></span> 
     </span>
     <span class='ocr_line' id='line_1_18' title="bbox 409 2218 2458 2311; baseline 0.001 -27"><span class='ocrx_word' id='word_1_148' title='bbox 409 2220 554 2299; x_wconf 84' lang='lat' dir='ltr'><strong>maj.</strong></span> <span class='ocrx_word' id='word_1_149' title='bbox 604 2218 735 2284; x_wconf 81' lang='lat' dir='ltr'><strong>hoc</strong></span> <span class='ocrx_word' id='word_1_150' title='bbox 778 2218 1289 2310; x_wconf 79' lang='lat' dir='ltr'><strong>Progymnasma</strong></span> <span class='ocrx_word' id='word_1_151' title='bbox 1340 2220 1521 2284; x_wconf 87' lang='lat' dir='ltr'><strong>XLII</strong></span> <span class='ocrx_word' id='word_1_152' title='bbox 1539 2268 1558 2302; x_wconf 86' lang='lat'>‚</span> <span class='ocrx_word' id='word_1_153' title='bbox 1609 2223 1992 2307; x_wconf 78' lang='lat' dir='ltr'><strong>AEnigmata</strong></span> <span class='ocrx_word' id='word_1_154' title='bbox 2037 2220 2418 2311; x_wconf 86' lang='lat' dir='ltr'><strong>inscriptum</strong></span> <span class='ocrx_word' id='word_1_155' title='bbox 2439 2271 2458 2303; x_wconf 92' lang='lat'>‚</span> 
     </span>
    </p>
   </div>
   <div class='ocr_carea' id='block_1_5' title="bbox 408 2324 2594 2419">
    <p class='ocr_par' dir='ltr' id='par_1_5' title="bbox 408 2324 2594 2419">
     <span class='ocr_line' id='line_1_19' title="bbox 408 2324 2594 2419; baseline 0.003 -29"><span class='ocrx_word' id='word_1_156' title='bbox 408 2349 552 2416; x_wconf 81' lang='lat' dir='ltr'><strong>pag.</strong></span> <span class='ocrx_word' id='word_1_157' title='bbox 592 2330 722 2414; x_wconf 88' lang='grc'><strong>744</strong></span> <span class='ocrx_word' id='word_1_158' title='bbox 758 2347 940 2414; x_wconf 89' lang='lat' dir='ltr'><strong>seqq.</strong></span> <span class='ocrx_word' id='word_1_159' title='bbox 972 2325 1231 2416; x_wconf 84' lang='lat' dir='ltr'><strong>leg-itur.</strong></span> <span class='ocrx_word' id='word_1_160' title='bbox 1265 2326 1510 2390; x_wconf 80' lang='lat' dir='ltr'><strong>Totum</strong></span> <span class='ocrx_word' id='word_1_161' title='bbox 1544 2324 1708 2392; x_wconf 88' lang='lat' dir='ltr'><strong>illud</strong></span> <span class='ocrx_word' id='word_1_162' title='bbox 1741 2325 1998 2414; x_wconf 83' lang='lat' dir='ltr'><strong>repetiit</strong></span> <span class='ocrx_word' id='word_1_163' title='bbox 2029 2342 2095 2390; x_wconf 89' lang='lat' dir='ltr'><strong>et</strong></span> <span class='ocrx_word' id='word_1_164' title='bbox 2124 2326 2460 2419; x_wconf 83' lang='lat' dir='ltr'><strong>AEnigma-</strong></span> <span class='ocrx_word' id='word_1_165' title='bbox 2591 2391 2594 2396; x_wconf 91' lang='lat'><strong>.</strong></span> 
     </span>
    </p>
   </div>
   <div class='ocr_carea' id='block_1_6' title="bbox 415 2430 2282 2524">
    <p class='ocr_par' dir='ltr' id='par_1_6' title="bbox 415 2430 2282 2524">
     <span class='ocr_line' id='line_1_20' title="bbox 415 2430 2282 2524; baseline 0.002 -28"><span class='ocrx_word' id='word_1_166' title='bbox 415 2430 768 2522; x_wconf 79' lang='lat' dir='ltr'><strong>tographiae</strong></span> <span class='ocrx_word' id='word_1_167' title='bbox 802 2453 937 2495; x_wconf 82' lang='lat' dir='ltr'><strong>suae</strong></span> <span class='ocrx_word' id='word_1_168' title='bbox 965 2430 1240 2496; x_wconf 88' lang='lat' dir='ltr'><strong>inseruit</strong></span> <span class='ocrx_word' id='word_1_169' title='bbox 1269 2431 1410 2496; x_wconf 88' lang='lat' dir='ltr'><strong>Nic.</strong></span> <span class='ocrx_word' id='word_1_170' title='bbox 1448 2431 1822 2496; x_wconf 75' lang='lat' dir='ltr'><strong>Reusnerus</strong></span> <span class='ocrx_word' id='word_1_171' title='bbox 1843 2481 1862 2515; x_wconf 88' lang='lat'>‚</span> <span class='ocrx_word' id='word_1_172' title='bbox 1891 2455 1956 2520; x_wconf 92' lang='lat' dir='ltr'><strong>p.</strong></span> <span class='ocrx_word' id='word_1_173' title='bbox 1991 2455 2076 2520; x_wconf 90' lang='grc'><strong>79</strong></span> <span class='ocrx_word' id='word_1_174' title='bbox 2103 2456 2282 2524; x_wconf 85' lang='lat' dir='ltr'><strong>seqq.</strong></span> 
     </span>
    </p>
   </div>
   <div class='ocr_carea' id='block_1_7' title="bbox 332 2611 2472 4069">
    <p class='ocr_par' dir='ltr' id='par_1_7' title="bbox 332 2611 2472 4069">
     <span class='ocr_line' id='line_1_21' title="bbox 332 2611 2464 2705; baseline 0.002 -28"><span class='ocrx_word' id='word_1_175' title='bbox 332 2615 409 2678; x_wconf 86' lang='lat' dir='ltr'><strong>X.</strong></span> <span class='ocrx_word' id='word_1_176' title='bbox 452 2611 767 2680; x_wconf 59' lang='lat' dir='ltr'><strong>Nic-obus</strong></span> <span class='ocrx_word' id='word_1_177' title='bbox 808 2611 1156 2680; x_wconf 73' lang='lat' dir='ltr'><strong>Rea-merus</strong></span> <span class='ocrx_word' id='word_1_178' title='bbox 1200 2615 1269 2678; x_wconf 88' lang='lat' dir='ltr'><strong>in</strong></span> <span class='ocrx_word' id='word_1_179' title='bbox 1315 2613 1965 2703; x_wconf 56' lang='lat' dir='ltr'><strong>AEmgmatographia</strong></span> <span class='ocrx_word' id='word_1_180' title='bbox 1983 2663 2002 2696; x_wconf 88' lang='lat'>‚</span> <span class='ocrx_word' id='word_1_181' title='bbox 2048 2622 2170 2680; x_wconf 79' lang='lat' dir='ltr'><strong>sive</strong></span> <span class='ocrx_word' id='word_1_182' title='bbox 2213 2616 2464 2705; x_wconf 80' lang='lat' dir='ltr'><strong>Sylloge</strong></span> 
     </span>
     <span class='ocr_line' id='line_1_22' title="bbox 410 2718 2464 2808; baseline 0 -24"><span class='ocrx_word' id='word_1_183' title='bbox 410 2725 827 2807; x_wconf 68' lang='lat' dir='ltr'><strong>oemgrmatum</strong></span> <span class='ocrx_word' id='word_1_184' title='bbox 861 2731 923 2784; x_wconf 80' lang='lat' dir='ltr'><strong>et</strong></span> <span class='ocrx_word' id='word_1_185' title='bbox 946 2721 1317 2808; x_wconf 67' lang='lat' dir='ltr'><strong>griphonem</strong></span> <span class='ocrx_word' id='word_1_186' title='bbox 1346 2718 1768 2784; x_wconf 73' lang='lat' dir='ltr'><strong>convimlium</strong></span> <span class='ocrx_word' id='word_1_187' title='bbox 1785 2766 1802 2800; x_wconf 88' lang='lat'>,</span> <span class='ocrx_word' id='word_1_188' title='bbox 1835 2742 1924 2782; x_wconf 78' lang='lat' dir='ltr'><strong>ex</strong></span> <span class='ocrx_word' id='word_1_189' title='bbox 1953 2724 2154 2784; x_wconf 64' lang='lat' dir='ltr'><strong>variis</strong></span> <span class='ocrx_word' id='word_1_190' title='bbox 2187 2723 2464 2786; x_wconf 80' lang='lat' dir='ltr'><strong>auctori-</strong></span> 
     </span>
     <span class='ocr_line' id='line_1_23' title="bbox 415 2822 2466 2914; baseline 0 -26"><span class='ocrx_word' id='word_1_191' title='bbox 415 2824 521 2888; x_wconf 83' lang='lat' dir='ltr'><strong>bus</strong></span> <span class='ocrx_word' id='word_1_192' title='bbox 560 2823 966 2890; x_wconf 77' lang='lat' dir='ltr'><strong>collectorum</strong></span> <span class='ocrx_word' id='word_1_193' title='bbox 980 2873 1001 2904; x_wconf 90' lang='lat'><strong><em>,</em></strong></span> <span class='ocrx_word' id='word_1_194' title='bbox 1050 2824 1373 2914; x_wconf 78' lang='lat' dir='ltr'><strong>Symposii</strong></span> <span class='ocrx_word' id='word_1_195' title='bbox 1415 2823 1786 2913; x_wconf 82' lang='lat' dir='ltr'><strong>AEnigmata</strong></span> <span class='ocrx_word' id='word_1_196' title='bbox 1819 2847 1897 2889; x_wconf 86' lang='lat' dir='ltr'><strong>ex</strong></span> <span class='ocrx_word' id='word_1_197' title='bbox 1930 2822 2215 2888; x_wconf 89' lang='lat' dir='ltr'><strong>editione</strong></span> <span class='ocrx_word' id='word_1_198' title='bbox 2247 2826 2466 2890; x_wconf 86' lang='lat' dir='ltr'><strong>Perio-</strong></span> 
     </span>
     <span class='ocr_line' id='line_1_24' title="bbox 418 2927 2465 3019; baseline 0.001 -26"><span class='ocrx_word' id='word_1_199' title='bbox 418 2931 607 2994; x_wconf 82' lang='lat' dir='ltr'><strong>niana</strong></span> <span class='ocrx_word' id='word_1_200' title='bbox 634 2931 909 3018; x_wconf 86' lang='lat' dir='ltr'><strong>repetiit.</strong></span> <span class='ocrx_word' id='word_1_201' title='bbox 942 2931 1121 3002; x_wconf 81' lang='lat' dir='ltr'><strong>Duas</strong></span> <span class='ocrx_word' id='word_1_202' title='bbox 1152 2929 1347 3009; x_wconf 85' lang='lat' dir='ltr'><strong>hujus</strong></span> <span class='ocrx_word' id='word_1_203' title='bbox 1378 2929 1526 2992; x_wconf 87' lang='lat' dir='ltr'><strong>libri</strong></span> <span class='ocrx_word' id='word_1_204' title='bbox 1554 2927 1872 2992; x_wconf 81' lang='lat' dir='ltr'><strong>editiones</strong></span> <span class='ocrx_word' id='word_1_205' title='bbox 1899 2928 2212 3017; x_wconf 81' lang='lat' dir='ltr'><strong>prodiisse</strong></span> <span class='ocrx_word' id='word_1_206' title='bbox 2233 2931 2465 3019; x_wconf 84' lang='lat' dir='ltr'><strong>probat</strong></span> 
     </span>
     <span class='ocr_line' id='line_1_25' title="bbox 419 3035 2464 3123; baseline 0 -23"><span class='ocrx_word' id='word_1_207' title='bbox 419 3035 847 3100; x_wconf 84' lang='lat' dir='ltr'><strong>Heumannus</strong></span> <span class='ocrx_word' id='word_1_208' title='bbox 892 3037 935 3100; x_wconf 93' lang='lat' dir='ltr'><strong>l.</strong></span> <span class='ocrx_word' id='word_1_209' title='bbox 981 3059 1037 3100; x_wconf 89' lang='lat' dir='ltr'><strong>c.</strong></span> <span class='ocrx_word' id='word_1_210' title='bbox 1081 3041 1117 3117; x_wconf 73' lang='lat' dir='ltr'><strong><em>S</em></strong></span> <span class='ocrx_word' id='word_1_211' title='bbox 1162 3035 1459 3117; x_wconf 86' lang='lat' dir='ltr'>XXVII,</span> <span class='ocrx_word' id='word_1_212' title='bbox 1511 3057 1709 3098; x_wconf 78' lang='lat' dir='ltr'><strong>unam</strong></span> <span class='ocrx_word' id='word_1_213' title='bbox 1749 3035 2045 3100; x_wconf 81' lang='lat' dir='ltr'><strong>Francos.</strong></span> <span class='ocrx_word' id='word_1_214' title='bbox 2095 3057 2199 3100; x_wconf 82' lang='lat' dir='ltr'><strong>an.</strong></span> <span class='ocrx_word' id='word_1_215' title='bbox 2261 3036 2464 3123; x_wconf 87' lang='lat'>1599,</span> 
     </span>
     <span class='ocr_line' id='line_1_26' title="bbox 419 3139 2466 3228; baseline 0 -24"><span class='ocrx_word' id='word_1_216' title='bbox 419 3141 648 3220; x_wconf 65' lang='grc' dir='ltr'><strong>ἔπι-ια,</strong></span> <span class='ocrx_word' id='word_1_217' title='bbox 701 3140 969 3205; x_wconf 84' lang='lat' dir='ltr'><strong>alteram</strong></span> <span class='ocrx_word' id='word_1_218' title='bbox 1026 3139 1271 3204; x_wconf 86' lang='lat' dir='ltr'><strong>ibidem</strong></span> <span class='ocrx_word' id='word_1_219' title='bbox 1336 3139 1540 3221; x_wconf 81' lang='lat'><strong>1602,</strong></span> <span class='ocrx_word' id='word_1_220' title='bbox 1592 3141 1794 3203; x_wconf 81' lang='lat' dir='ltr'><strong>in-12.</strong></span> <span class='ocrx_word' id='word_1_221' title='bbox 1853 3140 2048 3204; x_wconf 84' lang='lat' dir='ltr'><strong>Istam</strong></span> <span class='ocrx_word' id='word_1_222' title='bbox 2107 3163 2466 3228; x_wconf 83' lang='lat' dir='ltr'><strong>numquam</strong></span> 
     </span>
     <span class='ocr_line' id='line_1_27' title="bbox 421 3244 2470 3335; baseline -0 -23"><span class='ocrx_word' id='word_1_223' title='bbox 421 3248 595 3331; x_wconf 82' lang='lat' dir='ltr'><strong>vidi,</strong></span> <span class='ocrx_word' id='word_1_224' title='bbox 642 3249 813 3313; x_wconf 83' lang='lat' dir='ltr'><strong>hano</strong></span> <span class='ocrx_word' id='word_1_225' title='bbox 858 3247 997 3335; x_wconf 87' lang='lat' dir='ltr'><strong>ipse</strong></span> <span class='ocrx_word' id='word_1_226' title='bbox 1043 3244 1382 3335; x_wconf 81' lang='lat' dir='ltr'><strong>possiden,</strong></span> <span class='ocrx_word' id='word_1_227' title='bbox 1424 3246 1494 3308; x_wconf 88' lang='lat' dir='ltr'><strong>in</strong></span> <span class='ocrx_word' id='word_1_228' title='bbox 1539 3267 1670 3333; x_wconf 82' lang='lat' dir='ltr'><strong>qua</strong></span> <span class='ocrx_word' id='word_1_229' title='bbox 1715 3268 1862 3334; x_wconf 83' lang='lat' dir='ltr'><strong>pag.</strong></span> <span class='ocrx_word' id='word_1_230' title='bbox 1917 3245 2037 3323; x_wconf 82' lang='grc'><strong>148</strong></span> <span class='ocrx_word' id='word_1_231' title='bbox 2081 3246 2470 3311; x_wconf 86' lang='lat' dir='ltr'><strong>exhibentur</strong></span> 
     </span>
     <span class='ocr_line' id='line_1_28' title="bbox 422 3350 2469 3444; baseline -0.001 -25"><span class='ocrx_word' id='word_1_232' title='bbox 422 3353 775 3444; x_wconf 57' lang='lat' dir='ltr'><strong>&amp;mphosii</strong></span> <span class='ocrx_word' id='word_1_233' title='bbox 785 3403 807 3435; x_wconf 91' lang='lat'><em>,</em></span> <span class='ocrx_word' id='word_1_234' title='bbox 832 3367 1044 3442; x_wconf 82' lang='lat' dir='ltr'><strong>poetoe</strong></span> <span class='ocrx_word' id='word_1_235' title='bbox 1080 3353 1309 3416; x_wconf 76' lang='lat' dir='ltr'><strong>veteris</strong></span> <span class='ocrx_word' id='word_1_236' title='bbox 1351 3350 1799 3438; x_wconf 63' lang='lat' dir='ltr'><strong>elegantzksimi</strong></span> <span class='ocrx_word' id='word_1_237' title='bbox 1813 3399 1834 3432; x_wconf 89' lang='lat'><em>,</em></span> <span class='ocrx_word' id='word_1_238' title='bbox 1882 3351 2131 3414; x_wconf 79' lang='lat' dir='ltr'><strong>erudita</strong></span> <span class='ocrx_word' id='word_1_239' title='bbox 2140 3353 2357 3439; x_wconf 77' lang='lat' dir='ltr'><strong>juxta</strong></span> <span class='ocrx_word' id='word_1_240' title='bbox 2387 3376 2469 3416; x_wconf 82' lang='lat' dir='ltr'><strong>ac</strong></span> 
     </span>
     <span class='ocr_line' id='line_1_29' title="bbox 424 3455 2470 3550; baseline -0.001 -28"><span class='ocrx_word' id='word_1_241' title='bbox 424 3472 655 3550; x_wconf 79' lang='lat' dir='ltr'><strong>arguta</strong></span> <span class='ocrx_word' id='word_1_242' title='bbox 686 3473 749 3524; x_wconf 79' lang='lat' dir='ltr'><strong>et</strong></span> <span class='ocrx_word' id='word_1_243' title='bbox 750 3457 1001 3545; x_wconf 75' lang='lat' dir='ltr'><strong>festiva</strong></span> <span class='ocrx_word' id='word_1_244' title='bbox 1028 3459 1381 3544; x_wconf 65' lang='lat' dir='ltr'><strong>aenigmata</strong></span> <span class='ocrx_word' id='word_1_245' title='bbox 1403 3503 1423 3535; x_wconf 83' lang='lat'>,</span> <span class='ocrx_word' id='word_1_246' title='bbox 1454 3455 1998 3544; x_wconf 87' lang='lat' dir='ltr'><strong>praemittiturque</strong></span> <span class='ocrx_word' id='word_1_247' title='bbox 2025 3456 2226 3544; x_wconf 83' lang='lat' dir='ltr'><strong>ipsius</strong></span> <span class='ocrx_word' id='word_1_248' title='bbox 2258 3456 2470 3520; x_wconf 85' lang='lat' dir='ltr'><strong>Perio-</strong></span> 
     </span>
     <span class='ocr_line' id='line_1_30' title="bbox 426 3558 2466 3651; baseline -0.001 -23"><span class='ocrx_word' id='word_1_249' title='bbox 426 3565 514 3628; x_wconf 86' lang='lat' dir='ltr'><strong>nii</strong></span> <span class='ocrx_word' id='word_1_250' title='bbox 548 3565 879 3644; x_wconf 83' lang='lat' dir='ltr'><strong>Proefatio,</strong></span> <span class='ocrx_word' id='word_1_251' title='bbox 906 3585 973 3651; x_wconf 91' lang='lat' dir='ltr'><strong>p.</strong></span> <span class='ocrx_word' id='word_1_252' title='bbox 1014 3560 1132 3640; x_wconf 84' lang='grc'><strong>145</strong></span> <span class='ocrx_word' id='word_1_253' title='bbox 1168 3584 1263 3650; x_wconf 87' lang='lat' dir='ltr'><strong>sq.</strong></span> <span class='ocrx_word' id='word_1_254' title='bbox 1298 3563 1620 3625; x_wconf 83' lang='lat' dir='ltr'><strong>Caeterum</strong></span> <span class='ocrx_word' id='word_1_255' title='bbox 1646 3560 1786 3624; x_wconf 81' lang='lat' dir='ltr'><strong>haec</strong></span> <span class='ocrx_word' id='word_1_256' title='bbox 1821 3558 2020 3624; x_wconf 86' lang='lat' dir='ltr'><strong>editio</strong></span> <span class='ocrx_word' id='word_1_257' title='bbox 2058 3562 2254 3626; x_wconf 82' lang='lat' dir='ltr'><strong>altera</strong></span> <span class='ocrx_word' id='word_1_258' title='bbox 2278 3561 2466 3626; x_wconf 88' lang='lat' dir='ltr'><strong>AEni-</strong></span> 
     </span>
     <span class='ocr_line' id='line_1_31' title="bbox 426 3665 2466 3760; baseline -0.002 -24"><span class='ocrx_word' id='word_1_259' title='bbox 426 3670 925 3760; x_wconf 80' lang='lat' dir='ltr'><strong>gmatographiae</strong></span> <span class='ocrx_word' id='word_1_260' title='bbox 970 3669 1035 3731; x_wconf 86' lang='lat' dir='ltr'><strong>in</strong></span> <span class='ocrx_word' id='word_1_261' title='bbox 1082 3666 1241 3731; x_wconf 85' lang='lat' dir='ltr'><strong>duas</strong></span> <span class='ocrx_word' id='word_1_262' title='bbox 1290 3681 1504 3754; x_wconf 82' lang='lat' dir='ltr'><strong>partes</strong></span> <span class='ocrx_word' id='word_1_263' title='bbox 1543 3665 1744 3729; x_wconf 82' lang='lat' dir='ltr'><strong>divisa</strong></span> <span class='ocrx_word' id='word_1_264' title='bbox 1789 3680 1917 3747; x_wconf 88' lang='lat' dir='ltr'><strong>est,</strong></span> <span class='ocrx_word' id='word_1_265' title='bbox 1955 3688 2231 3753; x_wconf 84' lang='lat' dir='ltr'><strong>quarum</strong></span> <span class='ocrx_word' id='word_1_266' title='bbox 2273 3669 2466 3732; x_wconf 82' lang='lat' dir='ltr'><strong>altera</strong></span> 
     </span>
     <span class='ocr_line' id='line_1_32' title="bbox 428 3770 2462 3862; baseline -0.001 -26"><span class='ocrx_word' id='word_1_267' title='bbox 428 3775 550 3840; x_wconf 87' lang='lat' dir='ltr'><strong>hoc</strong></span> <span class='ocrx_word' id='word_1_268' title='bbox 572 3776 883 3862; x_wconf 85' lang='lat' dir='ltr'><strong>inscripta</strong></span> <span class='ocrx_word' id='word_1_269' title='bbox 908 3773 1101 3838; x_wconf 86' lang='lat' dir='ltr'><strong>titulo</strong></span> <span class='ocrx_word' id='word_1_270' title='bbox 1124 3788 1259 3836; x_wconf 84' lang='lat' dir='ltr'><strong>est:</strong></span> <span class='ocrx_word' id='word_1_271' title='bbox 1282 3773 1552 3836; x_wconf 78' lang='lat' dir='ltr'><strong>Ioannis</strong></span> <span class='ocrx_word' id='word_1_272' title='bbox 1583 3770 2025 3835; x_wconf 67' lang='lat' dir='ltr'><strong>Lauterbaclzii</strong></span> <span class='ocrx_word' id='word_1_273' title='bbox 2045 3775 2426 3860; x_wconf 80' lang='lat' dir='ltr'><strong>AEnc‘gmata</strong></span> <span class='ocrx_word' id='word_1_274' title='bbox 2443 3821 2462 3852; x_wconf 92' lang='lat'><strong><em>,</em></strong></span> 
     </span>
     <span class='ocr_line' id='line_1_33' title="bbox 436 3878 2472 3968; baseline -0.002 -23"><span class='ocrx_word' id='word_1_275' title='bbox 436 3881 664 3946; x_wconf 82' lang='lat' dir='ltr'><strong>additis</strong></span> <span class='ocrx_word' id='word_1_276' title='bbox 688 3881 880 3946; x_wconf 78' lang='lat' dir='ltr'><strong>simul</strong></span> <span class='ocrx_word' id='word_1_277' title='bbox 903 3881 981 3946; x_wconf 88' lang='lat' dir='ltr'><em>N</em></span> <span class='ocrx_word' id='word_1_278' title='bbox 977 3879 1169 3943; x_wconf 79' lang='lat' dir='ltr'><strong>icolai</strong></span> <span class='ocrx_word' id='word_1_279' title='bbox 1195 3880 1499 3944; x_wconf 77' lang='lat' dir='ltr'><strong>Reusnen’</strong></span> <span class='ocrx_word' id='word_1_280' title='bbox 1524 3880 1900 3964; x_wconf 57' lang='lat' dir='ltr'><strong>aetqigmattk.</strong></span> <span class='ocrx_word' id='word_1_281' title='bbox 1935 3879 1990 3942; x_wconf 85' lang='lat' dir='ltr'><strong>E</strong></span> <span class='ocrx_word' id='word_1_282' title='bbox 2026 3879 2294 3968; x_wconf 89' lang='lat' dir='ltr'><strong>collegio</strong></span> <span class='ocrx_word' id='word_1_283' title='bbox 2321 3878 2472 3942; x_wconf 82' lang='lat' dir='ltr'><strong>Par·</strong></span> 
     </span>
     <span class='ocr_line' id='line_1_34' title="bbox 435 3986 1141 4069; baseline -0.003 -18"><span class='ocrx_word' id='word_1_284' title='bbox 435 3987 735 4051; x_wconf 84' lang='lat' dir='ltr'><strong>theniano</strong></span> <span class='ocrx_word' id='word_1_285' title='bbox 757 4035 775 4069; x_wconf 92' lang='lat'>,</span> <span class='ocrx_word' id='word_1_286' title='bbox 807 4009 910 4051; x_wconf 86' lang='lat' dir='ltr'><strong>an.</strong></span> <span class='ocrx_word' id='word_1_287' title='bbox 954 3986 1141 4050; x_wconf 86' lang='lat'><strong>1601.</strong></span> 
     </span>
    </p>
   </div>
   <div class='ocr_carea' id='block_1_8' title="bbox 520 4057 2465 4183">
    <p class='ocr_par' dir='ltr' id='par_1_8' title="bbox 520 4057 2465 4183">
     <span class='ocr_line' id='line_1_35' title="bbox 520 4057 2465 4183; baseline -0.003 -25"><span class='ocrx_word' id='word_1_288' title='bbox 520 4092 835 4183; x_wconf 80' lang='lat' dir='ltr'><strong>Georgius</strong></span> <span class='ocrx_word' id='word_1_289' title='bbox 884 4091 1207 4157; x_wconf 81' lang='lat' dir='ltr'><strong>Draudius</strong></span> <span class='ocrx_word' id='word_1_290' title='bbox 1252 4091 1317 4154; x_wconf 88' lang='lat' dir='ltr'><strong>in</strong></span> <span class='ocrx_word' id='word_1_291' title='bbox 1364 4057 1753 4154; x_wconf 64' lang='lat' dir='ltr'><strong>Bibliotheca</strong></span> <span class='ocrx_word' id='word_1_292' title='bbox 1803 4089 2084 4154; x_wconf 77' lang='lat' dir='ltr'><strong>Classica</strong></span> <span class='ocrx_word' id='word_1_293' title='bbox 2104 4136 2123 4170; x_wconf 88' lang='lat'>‚</span> <span class='ocrx_word' id='word_1_294' title='bbox 2155 4111 2220 4176; x_wconf 92' lang='lat' dir='ltr'><strong>p.</strong></span> <span class='ocrx_word' id='word_1_295' title='bbox 2265 4085 2427 4152; x_wconf 75' lang='lat'>1505</span> <span class='ocrx_word' id='word_1_296' title='bbox 2446 4135 2465 4168; x_wconf 84' lang='lat'>‚</span> 
     </span>
    </p>
   </div>
  </div>
 </body>
</html>
