2964 4690
536 383 666 466 148
1072 379 1413 451 VARIAE
1474 378 2090 449 SENTENTIAE

527 510 950 589 vocabulum,
986 531 1118 595 quo
1151 508 1579 572 Maximianus
1611 509 1838 589 utitur,
1872 508 1937 570 in
1971 505 2501 596 significationem
2530 507 2649 572 de-

525 633 824 704 torquet,
866 637 1060 701 quam
1099 614 1456 701 antiquitus
1492 614 1753 693 habuit,
1786 613 2171 702 Legatorum
2210 612 2499 694 CaesariS,
2532 614 2651 699 qui

526 724 842 788 exercitus
889 737 1125 809 regunt
1148 769 1167 802 ,
1215 720 1313 784 vel
1365 745 1637 800 eorum,
1688 720 1801 808 qui
1846 719 2348 784 proconsulibus
2393 719 2457 783 in
2494 743 2648 808 pro-

524 829 726 892 vincia
765 825 1044 916 regenda
1077 827 1304 890 vicaria
1333 842 1651 914 potestate
1680 824 1967 905 adjuncti
1998 841 2174 889 sunt.
2207 823 2405 906 Quod
2434 825 2653 912 Legati

522 958 764 999 nomen
809 955 892 996 ne
922 932 1076 996 olim
1114 932 1379 1019 quidem
1427 933 1733 996 Cornelio
1778 931 1963 996 Gallo
2008 931 2267 1019 proprie
2306 931 2649 1012 convenit,

523 1038 1050 1128 quandoquidem
1079 1039 1326 1125 primus
1365 1039 1446 1102 ab
1484 1040 1775 1126 Augusto
1809 1035 1891 1101 ad
1916 1035 2269 1126 AEgyptum
2300 1035 2649 1126 regendam

524 1169 654 1211 non
711 1145 964 1233 Legati,
1008 1143 1122 1209 sed
1172 1143 1460 1208 Praefecti
1508 1141 1881 1233 Augustalis
1932 1143 2199 1206 nomine
2248 1143 2480 1206 missus
2528 1159 2648 1206 est.

525 1255 795 1340 Legatus
845 1249 1238 1312 Maximiano
1290 1248 1663 1338 simpliciter
1715 1262 1847 1330 est,
1905 1249 2019 1334 qui
2068 1248 2423 1312 recentiore
2467 1262 2653 1310 aetate

519 1355 758 1420 Missus
791 1355 1149 1436 dicebatur,
1164 1355 1280 1441 qui
1312 1353 1611 1419 mandata
1638 1354 1952 1442 Principis
1978 1354 2219 1442 perfert
2241 1353 2323 1418 ad
2346 1353 2525 1435 alios,
2548 1355 2651 1417 vel

521 1462 600 1526 ad
659 1459 1064 1547 exsequenda
1121 1461 1374 1549 negotia
1429 1461 1781 1548 ablegatur.
1834 1461 2241 1524 Praeterimus
2290 1459 2411 1523 alia
2458 1481 2655 1548 argu-

525 1582 740 1631 menta
777 1564 1020 1628 fraudis
1053 1565 1117 1627 in
1155 1565 1450 1628 oratione
1484 1563 1745 1629 Gaurici
1780 1563 2211 1647 observanda,
2244 1564 2481 1651 quibus
2514 1586 2653 1626 non

523 1687 870 1736 contentus
911 1670 1016 1734 ille
1058 1669 1366 1733 sustinuit
1397 1670 1589 1734 etiam
1634 1662 1927 1733 fraudem
1970 1672 2146 1734 furto
2188 1670 2551 1750 cumulare,
2584 1684 2655 1732 et

527 1781 850 1866 integrum
879 1774 1208 1838 distichon
1231 1823 1252 1855 ,
1283 1798 1416 1862 quo
1445 1797 1687 1839 nomen
1723 1777 2002 1840 auctoris
2032 1776 2401 1841 Maximiani
2438 1775 2653 1838 conti-

529 1900 756 1965 netur,
792 1905 829 1944 e
868 1895 1046 1945 textu
1085 1881 1344 1956 tollere,
1380 1879 1560 1969 quod
1592 1881 1831 1970 legitur
1860 1881 2036 1970 Eleg.
2070 1881 2184 1962 lv,
2210 1905 2271 1945 v.
2303 1880 2385 1946 25
2412 1904 2427 1944 :

801 2039 975 2110 Atque
1000 2035 1217 2108 aliquis,
1237 2035 1322 2089 cui
1349 2053 1487 2090 ceca
1518 2037 1654 2089 foret
1680 2037 1813 2090 bene
1840 2049 1965 2090 nota
1990 2037 2234 2109 voluptas
2252 2075 2267 2100 ,

876 2125 1070 2180 Cantat
1083 2164 1100 2191 ,
1129 2135 1428 2178 cantantem
1449 2123 1803 2178 Maximianus
1828 2135 1985 2178 amat.

527 2279 641 2342 His
674 2294 886 2341 tamen
917 2273 1173 2338 fallaciis
1200 2273 1331 2336 suis
1354 2271 1669 2336 Gauricus
1699 2271 1778 2336 ita
1804 2273 2058 2362 gavisus
2082 2271 2495 2361 confisusque
2523 2291 2652 2356 est,

526 2402 599 2448 ut
631 2386 696 2448 in
732 2382 1024 2465 subjecto
1053 2380 1377 2469 Elegiam,
1413 2379 1673 2443 sibimet
1705 2380 1847 2468 ipsi,
1870 2396 1935 2443 et
1967 2379 2151 2445 Gallo
2176 2403 2297 2445 suo
2323 2380 2405 2443 de
2432 2380 2657 2443 inven-

521 2492 602 2553 tis
637 2490 772 2568 ejus
807 2486 1177 2577 fragmentis
1208 2486 1669 2574 gratularetur:

804 2646 869 2697 Et
898 2642 1143 2716 quamvis
1167 2655 1258 2696 tua
1285 2643 1480 2715 scripta
1508 2642 1635 2695 olim
1658 2679 1674 2706 ,
1702 2641 1883 2696 divine
1908 2653 2087 2715 poeta,

873 2732 948 2784 Ac
975 2749 1155 2785 versus
1179 2728 1397 2783 tulerint
1421 2729 1610 2783 secula
1639 2730 1799 2800 longa
1822 2741 1971 2791 tuom

805 2818 949 2871 Orbe
971 2816 1187 2889 quidem
1207 2827 1320 2867 toto
1340 2815 1482 2869 vivet
1505 2827 1591 2867 tua
1608 2854 1624 2876 ,
1652 2814 1802 2868 Galle
1819 2856 1835 2881 ,
1856 2815 2075 2889 Lycoris
2094 2854 2110 2879 ,

875 2904 1030 2958 Vivet
1055 2915 1107 2957 et
1131 2903 1397 2976 ingenium
1417 2944 1434 2970 ‚
1455 2902 1611 2957 Galle
1633 2914 1789 2975 poeta
1805 2942 1821 2969 ,
1846 2914 2014 2955 tuum.

526 3063 784 3125 Testem
835 3057 998 3122 adeo
1053 3056 1585 3144 laudatoremque
1636 3056 1737 3120 sui
1784 3057 2084 3121 facinoris
2140 3056 2503 3145 adsumpsit
2548 3060 2580 3121 J
2586 3082 2653 3123 0.

527 3165 872 3253 Baptistam
917 3160 1430 3243 Rhamnusium,
1478 3162 1592 3248 qui
1632 3162 1811 3225 ‘calce
1855 3160 2051 3225 libelli
2096 3160 2231 3227 haec
2270 3160 2657 3253 subjungit:

525 3308 550 3330 ιι
573 3276 830 3353 Lector,
864 3268 1046 3359 quod
1061 3270 1178 3334 has
1206 3272 1402 3334 Corn.
1428 3270 1595 3334 Galli
1618 3270 1831 3334 Poetae
1854 3270 2153 3358 reliquias
2176 3270 2405 3359 legeris
2420 3318 2439 3353 ,
2461 3270 2663 3335 Pom-

527 3378 726 3467 ponio
753 3376 1032 3441 Gaurico
1048 3422 1068 3457 ,
1092 3374 1487 3439 adolescenti
1514 3376 1799 3463 optimo,
1834 3376 2068 3464 gratias
2100 3376 2338 3441 habeto
2360 3407 2405 3441 ·.
2433 3376 2562 3441 Ubi
2588 3393 2665 3443 et

525 3481 808 3564 ejusdem
844 3480 1222 3545 Rhamnusii
1252 3478 1646 3568 epigramma
1676 3478 2071 3569 adscriptum
2100 3497 2198 3545 est
2226 3482 2391 3547 tale:
2520 3478 2525 3483 ’

799 3636 855 3689 si
881 3634 1001 3707 quis
1021 3653 1202 3689 semus
1229 3634 1391 3702 inest,
1407 3634 1581 3706 siqua
1602 3647 1679 3689 est
1705 3654 1851 3689 mens
1877 3635 1987 3689 ulla
2011 3637 2253 3709 sepultis,

871 3723 1166 3795 Pomponi,
1197 3723 1363 3795 pietas
1391 3722 1508 3778 hoec
1529 3735 1624 3777 tua
1646 3736 1798 3797 grata
1824 3724 1965 3779 satin.

801 3811 910 3879 Qui
928 3829 1134 3883 sparsos
1158 3811 1358 3865 cineres
1385 3812 1607 3883 proprio
1642 3811 1917 3883 componis
1944 3830 2162 3875 acervo,

813 3943 822 3955 .
871 3900 980 3966 Qui
1007 3898 1218 3953 titulum
1244 3899 1456 3971 proprio
1481 3900 1716 3954 ria-timis
1744 3901 1965 3955 tumulo.

805 3988 926 4059 Ipse
949 3999 1042 4041 tuo
1067 3984 1280 4044 tandem
1307 3986 1492 4040 Gallus
1520 4006 1661 4041 nnnc
1688 4006 1904 4041 munere
1924 3988 2121 4060 gaudet
2138 4028 2152 4055 ,

871 4076 973 4147 Spe
997 4073 1205 4147 penitus
1229 4072 1412 4127 dextra
1439 4092 1547 4127 non
1575 4073 1821 4129 cecidisse
1844 4092 1959 4129 sna.
