2964 4690
540 349 677 441 '294

860 340 1526 412 EPIGRAMMATA
1577 338 1699 405 DE
1749 336 2326 405 ANIMALIBUS.

910 509 1035 575 IV.
1090 508 1215 574 DE
1265 505 1578 572 GALLO
1626 502 2211 571 GALLINACEO
2239 500 2288 567 *.

634 644 962 711 CANmnA
994 637 1285 708 Phoebeo
1322 634 1719 732 praefulgent
1755 658 1872 703 ora
1914 633 2193 722 rubore,

733 751 953 819 Crista
995 749 1166 843 riget
1201 746 1440 832 radiis;
1473 746 1670 841 ignea
1710 745 1919 814 barba
1962 745 2186 813 micat.

638 857 799 945 Alae,
839 856 1038 943 colla,
1085 882 1291 927 comae
1314 910 1333 943 ,
1369 871 1631 952 pectuS,
1671 855 1912 942 femur,
1952 852 2202 949 ungula
2225 906 2243 939 ‚
2285 853 2532 939 cauda,

730 968 1046 1037 Paestanis
1080 966 1305 1036 lucent
1336 965 1679 1035 floridiora
1709 966 1895 1035 rosis·

634 1078 969 1148 Flammea
1004 1080 1099 1147 sic
1135 1076 1413 1147 rutilum
1451 1076 1804 1171 distinguit
1840 1076 2044 1171 pinna
2086 1070 2376 1143 colorem
2399 1126 2418 1155 ‚

728 1190 826 1258 Ut
856 1188 1119 1258 vibrare
1155 1203 1349 1281 putes
1387 1190 1580 1281 ignea
1621 1186 1920 1256 membra
1955 1185 2150 1256 faces,

604 1328 629 1351 ⁴¹
648 1330 723 1377 De
758 1328 905 1377 Gallo
927 1327 1228 1393 gallinaceo.
1256 1324 1300 1375 E
1326 1322 1552 1376 Pithoea·

539 1404 644 1471 nis,
687 1402 779 1457 lib.
806 1404 910 1467 IV,
948 1422 1002 1474 p.
1031 1402 1129 1455 153
1149 1441 1166 1468 ,
1208 1402 1309 1454 sub
1336 1401 1552 1455 nomine

536 1482 731 1536 Alcimi
758 1482 994 1535 adfertur
1020 1480 1074 1533 in
1100 1481 1237 1534 uotis
1264 1498 1381 1534 var.
1408 1478 1553 1552 apud

535 1561 697 1617 ovid.
724 1562 863 1614 Fast.
888 1562 937 1625 1,
957 1560 1079 1626 455.
1120 1560 1186 1612 In
1212 1559 1417 1613 schedis
1440 1552 1556 1613 Sal-

536 1659 665 1695 mas.
683 1653 798 1695 erat
819 1640 1085 1712 inscriptio
1112 1640 1180 1693 de
1206 1640 1420 1711 Capone
1447 1639 1553 1692 fas-

535 1720 758 1786 sanatio,
779 1718 1063 1791 legendum
1092 1720 1224 1772 forte
1252 1717 1516 1771 Phasiano
1537 1736 1551 1771 ε

536 1798 663 1852 huic
688 1798 826 1850 enim
853 1797 1049 1868 optime
1069 1795 1311 1850 convenit
1328 1796 1431 1849 hoc
1450 1796 1555 1868 epi·

536 1896 794 1950 gramma.
818 1878 894 1929 De
912 1876 1013 1930 hac
1034 1896 1130 1930 ave
1144 1875 1374 1928 Martial.
1394 1876 1554 1939 xm,

538 1978 620 2029 ep.
639 1960 726 2024 69.
765 1955 925 2009 Plura
951 1955 1020 2009 de
1045 1954 1305 2007 Phasiane
1332 1954 1387 2007 iu
1416 1955 1556 2007 notis

539 2036 819 2090 doctorum
842 2032 912 2087 ad
932 2032 1065 2087 illud
1083 2033 1353 2097 Petronii,
1378 2050 1426 2085 c.
1449 2032 1516 2102 93
1537 2051 1551 2084 :

544 2142 567 2162 ι
587 2116 709 2168 Ales
726 2112 994 2167 Phasiacis
1016 2111 1175 2184 petita
1200 2110 1411 2165 Colchis
1430 2132 1482 2178 »;
1503 2124 1555 2166 et

542 2194 667 2249 vide
688 2208 835 2247 notas
858 2194 969 2267 huj.
988 2212 1074 2265 op.
1094 2204 1223 2245 tom.
1246 2192 1324 2257 11,
1350 2210 1404 2263 p·
1432 2198 1550 2255 1²4·

540 2277 766 2341 Seneca,
786 2273 1000 2327 Consol.
1020 2272 1090 2325 ad
1118 2270 1383 2338 Helviam,
1413 2290 1461 2324 c.
1482 2288 1549 2338 9:

542 2381 565 2399 ‹-
588 2355 740 2406 Ultra
778 2353 969 2407 Phasin
1016 2352 1132 2424 capi
1171 2353 1382 2418 volunt,
1408 2351 1555 2424 quod

541 2433 871 2487 ambitiosam
898 2433 1148 2504 popinam
1173 2431 1453 2484 instruat.»
1482 2433 1556 2482 Pi-

1638 1337 1767 1373 ctam
1811 1322 2035 1373 Phasidis
2083 1338 2219 1371 avem
2274 1324 2423 1369 vocat
2471 1320 2660 1363 auctor

1640 1400 1902 1455 Phoenicis
1919 1436 1934 1462 ‚
1957 1418 2033 1452 vs.
2054 1404 2171 1461 144.
2197 1396 2302 1449 En.

1716 1498 1763 1533 ι.
1794 1482 1992 1531 Phoebeo
2009 1475 2312 1547 pru-fulgent
2343 1490 2434 1523 ora
2461 1467 2656 1521 rubore.

1638 1562 1890 1613 Pkoeaiceo
1941 1556 2314 1613 emendaverat
2373 1546 2617 1603 Heinsius
2641 1564 2660 1611 3

1638 1638 1734 1693 sed
1761 1652 1936 1709 postea
1962 1635 2175 1690 delevit.
2201 1632 2509 1701 Praefidgunt
2527 1626 2663 1677 Vos-

1639 1710 1816 1771 sianus
1840 1710 1960 1771 cod.
1991 1716 2092 1767 En.

1716 1817 1762 1849 2.
1794 1800 1950 1849 Crista
1977 1798 2128 1847 rubet.
2166 1794 2230 1845 In
2261 1789 2384 1844 cod.
2401 1785 2662 1841 vossiano

1641 1888 1824 1927 crusta.
1843 1874 1943 1927 En.

1714 1954 1986 2022 &Ungula
1997 1952 2173 2005 Heius.
2185 1952 2328 2023 conj.
2336 1942 2662 2017 inguina-ED-

1714 2040 1764 2096 4.
1793 2034 2030 2084 Poestam's
2041 2032 2308 2103 floridiora
2337 2030 2478 2079 rosis.
2509 2022 2663 2078 Poesti

1643 2112 1844 2165 rosaria
1890 2128 2028 2183 sepe
2063 2106 2206 2181 apud
2237 2118 2416 2181 poetes
2447 2105 2505 2157 in
2541 2102 2660 2175 pul·

1601 2206 1608 2217 ’
1644 2190 1961 2245 chritudinis
1983 2189 2332 2261 descriptione
2357 2198 2662 2238 memoren-

1643 2282 1746 2323 tur.
1777 2268 2056 2323 Claudian.
2092 2268 2275 2341 Epith.
2303 2267 2502 2319 Honor.
2534 2268 2664 2331 ²47,

1644 2362 1694 2406 et
1712 2349 1950 2422 adposite
1965 2351 2125 2404 Mart.
2143 2350 2244 2413 IV,
2261 2355 2325 2412 4²
2345 2365 2398 2400 :-
2412 2341 2668 2398 Pastanis

1643 2433 1867 2485 rubeant
1889 2432 2075 2486 amula
2099 2432 2246 2485 labra
2269 2429 2400 2483 rosis
2415 2455 2455 2478 ι.
2479 2427 2585 2478 En.

1212 2568 1292 2634 V.
1344 2567 1475 2635 DE
1523 2567 1911 2637 ANSERE
1930 2567 1980 2635 *.

638 2704 925 2769 AEnnms
972 2699 1038 2767 in
1080 2699 1321 2766 nostris
1359 2695 1642 2766 volitans
1682 2714 2035 2794 argenteus
2075 2723 2265 2768 anser

730 2807 1099 2878 Dulcisono
1131 2808 1413 2901 strepitu
1446 2803 1612 2876 colla
1645 2831 1890 2876 canora
1923 2806 2113 2877 levat.

641 2919 793 2988 Ales
828 2933 1017 3012 grata
1051 2916 1232 2984 hono
1266 2915 1554 3010 duplici,
1595 2941 1746 2986 nam
1786 2915 2028 2987 fercula
2067 2941 2306 2986 mensae

736 3026 1081 3121 Complet‚
1124 3041 1190 3094 et
1225 3026 1530 3096 adservat
1561 3041 1758 3095 nocte
1791 3027 2026 3095 silente
2069 3025 2363 3095 domum.

645 3136 859 3214 Solus,
880 3135 1159 3230 Tarpeia
1190 3134 1467 3204 canibus
1504 3135 1571 3202 in
1605 3161 1774 3229 rupe
1810 3137 2050 3229 quietis
2071 3189 2088 3218 ‚

743 3245 1005 3340 Eripuit
1041 3241 1256 3314 Gallis
1301 3244 1586 3315 Romula
1623 3261 1792 3315 tecta
1831 3245 2005 3342 vigil.

618 3397 640 3418 ”
670 3399 745 3444 De
764 3399 985 3450 Ansere..
1002 3391 1234 3444 Debetur
1258 3391 1361 3445 hoc
1387 3393 1553 3464 epigr.

550 3471 755 3526 schedis
806 3471 1157 3524 Salmasianis.
1214 3472 1437 3544 Respicit
1490 3471 1558 3525 ad
1595 3465 1600 3472 ’

546 3553 723 3604 Gallos
756 3550 1077 3622 Capitolium
1115 3549 1442 3614 obsidentes,
1468 3572 1560 3606 an-

548 3649 723 3684 serum
748 3628 965 3700 strepitu
992 3629 1247 3701 proditos,
1272 3641 1331 3682 ut
1356 3643 1560 3685 notum.

548 3709 709 3764 ovid.
743 3708 881 3760 Fast.
916 3709 966 3772 1,
1012 3709 1143 3772 453:
1178 3711 1327 3763 «Nec
1348 3709 1562 3764 defensa

545 3793 733 3862 juvant
763 3786 1053 3858 Capitolia,
1085 3789 1367 3860 quominus
1404 3811 1560 3845 anser

552 3871 649 3922 Det
681 3869 831 3939 jecur
862 3865 919 3918 in
954 3867 1154 3934 lances,
1176 3869 1363 3923 Inachi
1388 3871 1559 3938 lauta,

546 3960 664 4000 tuas
678 3973 717 3998 u.
738 3945 1057 4016 Propertius,
1078 3947 1221 4020 Eleg.
1239 3948 1347 4010 111,
1376 3969 1427 4012 α,
1462 3969 1554 4004 12:

548 4055 571 4072 «ι
587 4024 796 4078 Anseris
832 4036 881 4076 et
920 4035 1091 4078 tutum
1130 4046 1257 4080 voce
1292 4027 1450 4082 fuisse
1472 4031 1556 4084 Jo-

1647 3411 1762 3446 vem
1781 3417 1825 3448 ³».
1855 3393 1991 3447 Plin.
2021 3393 2154 3448 nist.
2179 3395 2300 3450 Nat.
2325 3395 2394 3460 X,
2413 3411 2535 3465 cap.
2560 3369 2626 3447 ’.ι
2647 3415 2660 3448 :

1645 3473 1775 3526 «Est
1801 3484 1854 3526 et
1877 3473 2045 3527 anseri
2075 3472 2196 3546 vigil
2227 3491 2378 3536 cura,
2397 3472 2666 3544 Capitolio

1647 3563 1829 3606 testata
1857 3551 2076 3606 defenso
2095 3590 2112 3618 ,
2149 3571 2244 3624 per
2265 3551 2321 3603 id
2346 3563 2554 3624 tempus
2575 3569 2662 3605 ca-

1647 3649 1777 3684 num
1800 3631 2007 3684 silentio
2030 3631 2256 3704 proditis
2279 3631 2440 3684 rebus
2455 3657 2500 3684 ι.
2530 3630 2660 3686 laid.

1647 3710 1798 3782 Orig.
1839 3711 1933 3764 lib.
1963 3713 2098 3780 XII,
2131 3730 2248 3784 cap.
2279 3729 2312 3782 7
2339 3731 2352 3764 :
2391 3737 2418 3757 κ
2441 3710 2662 3764 Nullum

1647 3789 1845 3842 animal
1871 3791 1943 3845 ita
1973 3791 2191 3846 odorem
2220 3789 2446 3845 hominis
2470 3790 2662 3855 sentit,

1645 3881 1706 3922 ut
1743 3889 1932 3936 anser3
1970 3869 2114 3926 unde
2161 3885 2212 3925 et
2253 3873 2499 3943 clangore
2547 3875 2662 3944 ejus

1645 3948 1921 4004 Gallorum
1949 3951 2232 4005 adscensus
2262 3951 2318 4003 in
2337 3949 2660 4022 Capitolium

1645 4028 2000 4101 deprehensus
2020 4045 2097 4086 est
2113 4057 2157 4086 υ.
2187 4029 2286 4084 En.

1206 4145 2000 4184 ψ-
