2964 4690
1024 401 1629 472 AENIGMATA.

2262 375 2402 494 379

363 529 465 594 Ex
503 523 653 593 aliis
685 547 944 610 nascor,
971 549 1096 595 nec
1139 525 1495 620 quisquam
1534 523 1829 592 nascitur
1864 546 1945 591 ex
1984 546 2108 591 me.

273 679 366 731 70:
384 671 473 712 «et
489 659 628 712 tauri
646 659 914 731 mixtaque
929 659 1098 714 forma
1117 660 1215 714 viri
1235 679 1289 723 ,ς

271 753 324 792 et
337 739 476 792 Fast.
493 739 539 804 1,
564 757 586 791 1
598 737 693 792 13:
725 764 752 784 ·=
769 738 1001 793 confuso
1018 738 1290 810 quondam
1316 726 1325 735 ⁶

269 818 394 870 heta
420 836 584 889 parva
609 817 794 888 flguro
816 844 861 870 υ.
889 849 962 858 -
984 822 1164 870 Generi
1188 839 1290 871 non

273 912 390 964 apta
403 917 629 966 propago
645 937 662 962 ,
689 895 725 951 i.
748 915 798 950 e.
825 895 892 950 ad
911 897 1287 968 generandum.

275 975 540 1030 Palladius
562 976 631 1030 de
645 975 794 1030 [nsit.
818 996 870 1029 v.
897 995 963 1045 ²9
987 993 1002 1028 τ
1023 1002 1048 1022 σι
1071 976 1126 1052 8ιὶ
1149 977 1290 1030 ‘velo-

273 1055 348 1108 cis
373 1075 526 1130 eque
549 1056 704 1128 pigro
725 1057 978 1110 miscetur
998 1056 1160 1110 asello
1187 1059 1286 1108 Ar·

1379 659 1502 726 dor,
1539 672 1599 712 ut
1638 661 1695 711 in
1739 660 1969 714 sterilem
1998 677 2079 713 res
2101 658 2256 712 cadat
2286 671 2404 712 acta

1377 738 1604 810 gradum
1616 779 1633 805 ,
1651 737 2071 810 Fecundumque
2087 755 2253 809 genus
2276 756 2403 809 pro·

1378 819 1571 872 ductus
1597 818 1765 872 deleat
1789 819 1971 883 heres,
1995 830 2093 871 etc.
2122 841 2145 864 ι
2170 817 2261 868 ubi
2285 815 2405 870 vide

1379 916 1499 972 qnae
1528 898 1867 952 adnotantur.
1888 899 1994 952 Eo.

1450 977 1499 1030 3.
1544 981 1651 1030 Nec
1685 981 1949 1046 quicquam
1987 977 2049 1031 C.
2090 987 2141 1030 et
2184 975 2301 1027 Per.
2352 984 2405 1026 et

1377 1055 1586 1110 Schott.

913 1278 1349 1346 XXXVIII.

1401 1280 1775 1349 TIGRIS.

371 1413 430 1477 A
467 1407 672 1476 fluvio
707 1407 917 1496 dicor,
955 1409 1199 1478 fluvius
1233 1409 1336 1478 vel
1383 1409 1629 1480 dicitur
1667 1436 1747 1479 ex
1786 1436 1926 1496 me,

369 1522 743 1612 Iunctaque
778 1543 926 1588 sum
960 1534 1200 1604 vento,
1235 1507 1454 1590 vento·
1475 1519 1769 1594 velocior
1806 1521 1981 1614 ipso,

371 1633 455 1698 Et
485 1629 649 1697 mihi
685 1629 802 1698 dat
831 1644 1067 1698 ventus
1104 1643 1325 1714 natm,
1360 1655 1481 1698 nec
1518 1653 1743 1726 quoero
1780 1629 2118 1698 maritum.

353 1779 395 1812 1.
433 1765 482 1810 A
487 1761 652 1830 fluvio
687 1762 842 1825 dicor,
850 1762 1037 1830 fluvius
1065 1763 1166 1813 vel.
1212 1784 1234 1806 ι
1253 1761 1298 1810 Α

276 1839 563 1902 celeritate,
589 1856 694 1911 qua
709 1837 893 1892 defluit
907 1880 922 1905 ,
939 1839 1086 1910 Tigri
1099 1857 1298 1892 nomeu

277 1929 354 1969 est
398 1915 658 1981 inditum;
698 1917 827 1988 quia
871 1915 1079 1972 Persica
1113 1917 1296 1989 lingua

277 1997 484 2068 Tigrim
503 1997 742 2068 sagittam
769 1995 1039 2066 adpellant
1055 2021 1096 2058 ι,
1130 1996 1300 2067 inquit

276 2076 490 2130 Curtius
507 2117 522 2142 ,
537 2076 644 2140 IV,
662 2094 717 2144 9,
739 2077 818 2128 16.
838 2073 940 2127 Alii
974 2087 1151 2128 tamen
1177 2093 1301 2128 cum

277 2167 428 2226 poeta
453 2166 637 2206 nostro
664 2152 867 2206 flumen
892 2151 1025 2205 illud
1050 2172 1081 2207 a
1111 2152 1304 2224 tigride

277 2233 490 2288 animali
517 2232 720 2286 dictum
749 2251 862 2284 esse
879 2231 1120 2285 credunt.
1135 2233 1212 2284 Ac
1227 2251 1305 2286 sa·

278 2331 343 2367 ne
362 2312 560 2379 Plinio,
585 2312 678 2365 lib.
711 2311 848 2364 VIII
873 2310 1002 2365 nist.
1028 2311 1151 2365 Nat.
1184 2331 1306 2386 cap.

286 2394 369 2459 18,
395 2393 549 2465 tigris
569 2404 797 2461 yocatur
812 2396 1010 2443 anirnal
1025 2394 1305 2444 velocitatis

282 2476 565 2524 tremenda.
599 2471 785 2524 lieux.
810 2502 881 2511 —-
911 2472 990 2523 De
1026 2470 1306 2525 vehemen-

201 2544 210 2551 ’
280 2554 347 2605 tia
379 2562 430 2605 et
471 2552 741 2604 celeritate
768 2550 950 2622 Tigris
985 2550 1158 2605 amnis
1183 2548 1308 2603 add.

280 2632 462 2684 Avien.
478 2632 629 2684 Desc.
640 2630 770 2683 orb.
787 2649 810 2683 1
821 2650 844 2683 1
853 2650 922 2701 79
936 2649 952 2683 ε
969 2656 995 2676 σι
1005 2630 1123 2683 Non
1142 2630 1306 2683 alium

280 2722 454 2763 tantus
467 2710 611 2780 rapit
631 2710 859 2781 impetus
877 2730 892 2775 ;
914 2708 1057 2763 haud
1077 2709 1152 2763 ita
1171 2709 1312 2781 quis-

281 2806 441 2860 quam
456 2789 761 2861 Spumescit
775 2788 988 2855 fluctus,
1007 2807 1182 2861 neque
1201 2801 1248 2842 ta
1255 2809 1312 2842 n-

283 2880 360 2921 toa
386 2867 499 2921 ulla
536 2868 772 2939 ffagores
800 2866 961 2921 Unda
994 2868 1096 2921 ciet
1115 2886 1178 2933 »ς
1219 2868 1310 2921 ubi

283 2945 392 2999 vid.
425 2960 544 2999 not.
569 2958 607 2999 t.
623 2948 696 3013 V,
719 2966 776 3019 p.
811 2947 912 2999 333
935 2946 1050 3017 huj.
1071 2966 1157 3018 op.
1173 2948 1277 2999 En.

354 3046 403 3079 a.
438 3032 564 3095 Quoe
588 3047 694 3077 sum
718 3028 942 3077 velocior
959 3028 1066 3093 ipse
1092 3028 1153 3078 A.
1191 3046 1317 3077 ven·

283 3120 432 3173 toque
460 3108 686 3159 velocior
709 3105 771 3157 E.
811 3134 882 3145 —-
903 3110 1184 3172 Iunctaque
1209 3124 1315 3155 sum

285 3200 460 3247 veneo,
501 3184 655 3255 qtiasi
683 3183 975 3237 connubio.
1013 3182 1130 3236 Hoc
1157 3201 1316 3236 sensu

291 3262 449 3315 ovid.
474 3262 608 3315 Her.
639 3262 744 3313 XX
763 3302 778 3327 ,
807 3260 871 3313 23
901 3282 916 3315 :
950 3288 975 3306 ιι
1003 3262 1170 3313 Fraus
1199 3280 1314 3316 mea

288 3342 416 3414 quid
454 3342 638 3414 petiit,
678 3342 780 3393 uisi
821 3341 900 3393 uti
951 3342 1048 3393 tibi
1063 3343 1319 3413 jungerer

287 3422 380 3473 uni
407 3437 454 3485 »ς
485 3433 540 3473 et
565 3420 696 3473 ibid.
723 3442 777 3475 v.
806 3420 938 3473 215:
969 3418 1189 3487 «Nube,
1208 3439 1320 3491 pre·

288 3519 399 3566 cor,
421 3498 590 3567 dicet,
615 3498 702 3552 cui
725 3510 776 3552 te
793 3498 930 3553 bona
961 3499 1178 3551 numina
1190 3501 1321 3569 jun-

289 3590 420 3649 gunt
439 3605 482 3629 a.
515 3578 735 3631 Busan.
766 3609 839 3619 —
865 3578 1042 3631 Vento
1069 3578 1318 3651 Zephyro

285 3660 522 3729 junctam
571 3655 816 3729 tigridem
859 3675 971 3709 esse
989 3698 1006 3723 ,
1045 3674 1106 3709 ex
1148 3676 1319 3729 eoque

291 3736 595 3806 concipere,
615 3734 919 3788 fabulantur
946 3734 1183 3788 Veteres.
1205 3737 1318 3789 Un-

294 3812 358 3866 de
394 3814 708 3888 Zephyrum
745 3818 974 3866 mat-itum
1011 3816 1124 3885 ejus
1165 3826 1321 3869 vocat

295 3892 745 3965 Claudian.Rapt.
767 3894 912 3946 Pros.
929 3894 1024 3945 lib.
1046 3894 1151 3959 111,
1179 3896 1278 3945 266
1303 3911 1316 3945 :

298 3998 320 4016 ι
343 3972 519 4025 fremit
557 3972 650 4024 ina
695 3972 884 4025 marito
931 3970 1192 4025 Mobilior
1218 3972 1318 4023 Ze·

297 4048 466 4120 phyro
485 4076 532 4105 n.
564 4049 648 4103 Ad
671 4068 829 4122 quem
860 4050 1038 4103 locum
1051 4049 1322 4103 Gesner-us

1386 1759 1607 1813 adnotat
1642 1780 1657 1814 :
1701 1761 1935 1811 Maritum
1975 1757 2251 1823 Zeply‘mm
2296 1751 2414 1803 dari

1385 1839 1625 1910 tigribus,
1642 1839 1807 1892 docet
1818 1837 1977 1891 etiam
2002 1833 2293 1906 Oppianus,
2306 1831 2415 1901 Cy-

1389 1936 1509 1988 neg.
1532 1918 1634 1984 111,
1656 1917 1757 1970 353
1790 1935 1804 1970 :
1850 1906 2079 1986 ξ’ὶκυτὲρα
2128 1917 2309 1966 radon
2352 1907 2415 1964 δὲ

1387 2004 1508 2052 θοῶν
1542 1997 1887 2068 πανυπιίροχα
1926 2001 2096 2066 θηρῶν·
2145 1995 2294 2062 Αὐτῷ
2316 1992 2413 2063 γάρ

1388 2099 1444 2130 τι
1467 2080 1589 2132 θίαν
1620 2079 1753 2134 lustu
1782 2077 1977 2147 Ζεφύρῳ
2004 2078 2243 2145 ymni-‘lipt-
2259 2071 2301 2122 F
2302 2087 2415 2122 era-

1386 2174 1510 2209 rum
1528 2155 1768 2208 omnium
1790 2153 2121 2206 celerrimam
2146 2150 2303 2221 longe
2314 2147 2415 2212 ait,

1389 2253 1547 2288 cursu
1576 2234 1835 2305 aequalem
1862 2230 1960 2302 ipsi
2001 2229 2142 2303 patri
2180 2247 2277 2280 suo
2314 2229 2415 2280 Ze-

1387 2313 1566 2385 phyro
1596 2332 1612 2367 :
1642 2331 1804 2385 quam
1832 2311 2067 2365 fabulam
2104 2306 2299 2363 deinde
2328 2309 2417 2360 ἠ-

1392 2392 1541 2445 fellit.
1570 2392 1896 2447 celebratior
1917 2390 2093 2444 adbuc
2126 2390 2309 2443 fabula
2338 2399 2418 2443 est

1391 2471 1458 2525 de
1477 2473 1717 2544 equabus
1745 2473 1797 2523 iu
1819 2472 2090 2525 Lusitania
2112 2488 2143 2522 e
2164 2466 2415 2541 Zephyro

1391 2563 1550 2603 vento
1580 2550 1828 2623 gravidis.
1854 2549 2046 2620 virgil.
2077 2548 2275 2618 Georg.
2298 2546 2413 2609 ΙΙΙ,

1397 2630 1497 2700 ²73
1543 2649 1556 2681 ε
1607 2656 1632 2675 κ
1657 2630 1765 2681 nlae
1803 2629 1911 2683 Ore
1936 2645 2119 2682 omnes
2162 2642 2327 2679 versat
2360 2624 2416 2676 in

1394 2710 1701 2781 Zephyrum
1728 2720 1873 2761 stant
1900 2708 2125 2779 rupibus
2150 2705 2295 2770 altis,
2314 2704 2417 2757 Ex·

1395 2799 1719 2860 ceptumque
1732 2787 1873 2839 leves
1883 2804 2037 2839 auras
2050 2823 2067 2849 ‚
2088 2798 2139 2839 et
2152 2802 2289 2855 saepe
2306 2782 2419 2837 sine

1399 2868 1517 2921 ullis
1538 2866 1811 2939 conjugiis
1840 2877 1997 2919 vento
2022 2864 2254 2936 gravida
2270 2902 2287 2927 ,
2318 2864 2420 2915 mi-

1399 2946 1568 3000 rabile
1592 2944 1737 2998 dictu
1760 2972 1801 2997 n.
1828 2944 1985 2997 Plinii
2012 2956 2063 2996 et
2093 2944 2317 2997 aliorum
2344 2953 2421 2995 te-

1399 3024 1644 3078 stimonia
1694 3023 1914 3077 adducit
1951 3021 2145 3077 Heum.
2162 3053 2232 3063 —
2264 3028 2420 3073 Vento

1400 3106 1623 3155 velocior
1657 3106 1778 3171 ipso.
1806 3102 2083 3175 Frequens
2135 3098 2423 3158 velocitatis

1401 3182 1710 3255 descriptio.
1761 3182 1954 3253 virgil.
1990 3186 2117 3235 AEn.
2161 3184 2235 3247 V,
2284 3182 2417 3248 3¹9:

1401 3286 1426 3307 ..
1447 3262 1679 3323 Emicat,
1696 3273 1746 3315 et
1759 3260 1929 3314 ventis
1949 3273 1998 3313 et
2016 3259 2255 3313 fulminis
2277 3258 2423 3312 ocior

1401 3339 1498 3394 alis
1517 3365 1561 3391 a.
1604 3338 1755 3392 Idem
1780 3380 1797 3405 ‚
1834 3339 1963 3405 ΧΠ,
2004 3338 2107 3393 633
2124 3377 2141 3403 ,
2168 3351 2222 3391 et
2246 3340 2427 3391 Horat.

1402 3418 1579 3471 Carm.
1600 3418 1672 3478 11,
1694 3420 1781 3481 16,
1804 3416 1895 3479 23,
1912 3420 2046 3469 ocior
2057 3422 2211 3469 Euro.
2232 3414 2425 3469 Claud.

1402 3499 1553 3569 Rapt.
1574 3496 1717 3549 Pros.
1737 3496 1820 3559 11,
1848 3514 1948 3549 200
1964 3516 1979 3550 z
1997 3522 2023 3541 α
2038 3509 2207 3549 ruunt
2222 3533 2241 3561 ,
2257 3516 2427 3570 quan-

1403 3588 1518 3629 tum
1546 3594 1651 3627 uon
1675 3574 1901 3649 impetus
1927 3576 2131 3640 Austri,
2150 3587 2249 3629 etc.
2273 3602 2298 3622 a

1476 3656 1524 3707 3.
1549 3659 1653 3705 Dae
1675 3668 1817 3705 natos
1839 3669 2020 3706 ventus
2038 3655 2155 3708 Per.
2170 3674 2270 3707 non
2290 3674 2429 3723 quae·

1405 3755 1460 3785 m
1499 3734 1559 3787 C.
1585 3736 1786 3783 man'eos
1812 3735 1877 3785 D.
1910 3746 1963 3786 et
1989 3734 2047 3788 E.
2090 3748 2141 3787 et
2175 3736 2329 3789 Cam.
2358 3762 2429 3773 --

1407 3815 1533 3865 Mihi
1548 3816 1641 3863 dae
1659 3828 1837 3865 ventus
1859 3829 2019 3866 nasos.
2037 3814 2231 3869 Catull.
2251 3814 2427 3867 Carni.

1409 3892 1569 3957 LXI,
1599 3911 1697 3944 212
1730 3911 1743 3945 :
1787 3918 1812 3937 ι
1835 3892 1988 3945 brevi
2022 3894 2215 3945 liberos
2240 3891 2362 3944 date
2380 3918 2427 3944 υ.

1413 3970 1706 4025 Columella
1730 3970 1882 4024 Hort.
1904 3992 1957 4025 v.
1981 3972 2079 4025 385
2106 3993 2120 4026 :
2152 3998 2177 4019 α
2194 3971 2431 4025 sobolem

1412 4048 1561 4105 dabit
1574 4050 1663 4103 illa
1686 4068 1931 4122 capacem
1953 4075 1999 4102 ι.
