2964 4690
420 456 427 463 .
500 391 643 464 538
1330 391 1786 463 AUSONII

489 513 687 586 Unde
722 512 949 608 vigent
972 509 1668 601 sensus‚.dominatrix
1695 535 1863 606 quos
1895 523 2160 604 vegetat
2303 533 2515 598 mens,

487 631 709 719 Atque
745 625 815 691 in
850 623 1054 692 verba
1079 622 1283 692 refert
1306 617 1828 717 modulata-lege
1863 619 2108 716 loquax
2425 644 2524 691 os,

493 739 719 826 Quam
746 732 1039 802 validum
1068 746 1205 822 est,
1228 733 1520 802 hominis
1536 747 1744 828 quota
1762 732 2007 826 portio,
2023 728 2380 802 caeruleum
2403 727 2522 799 fel!

493 847 717 936 Quam
753 858 992 934 tenue,
1016 859 1084 913 et
1114 843 1361 914 molem
1388 859 1708 940 quantam
1745 840 1882 914 fert
1909 866 2298 938 corpoream
2337 838 2524 912 crus!

504 955 809 1028 Pondere
840 956 962 1024 sub
994 969 1248 1049 quanto
1280 970 1586 1025 nostrum
1608 953 1992 1025 moderatur
2027 953 2154 1022 iter
2381 949 2622 1047 peel·-

562 1151 615 1203 6.
670 1151 811 1200 Unde
856 1149 1029 1217 vigent
1074 1169 1264 1201 sensus.
1320 1147 1514 1202 Merito
1601 1147 1889 1202 ficiscitur·
1874 1185 1889 1210 ,
1945 1145 2144 1200 scilicet
2193 1164 2224 1198 e
2273 1144 2452 1216 lingua
2502 1161 2622 1214 que

492 1225 718 1282 offendit
752 1226 1010 1299 quosdam
1036 1225 1286 1283 similium
1312 1228 1512 1300 repeti·
1599 1227 1788 1299 plectri
1820 1225 2062 1299 fungitur
2089 1221 2237 1288 vice,
2275 1241 2339 1276 ac
2381 1221 2621 1276 tremulis

494 1306 569 1358 tio
618 1310 759 1375 viget
772 1345 791 1369 ,
842 1321 1049 1376 vegetae
1095 1306 1201 1360 hoc
1254 1325 1413 1361 versu
1459 1317 1513 1359 et
1597 1305 1821 1360 vulvula·
1846 1303 2092 1357 motibus.

492 1384 717 1456 preced.
741 1401 983 1454 vegetum.
1009 1385 1113 1440 En.
1489 1385 1494 1392 ’
1670 1385 1722 1438 8.
1759 1388 2025 1438 Coerulemn
2039 1385 2138 1454 sel.
2175 1383 2241 1436 In
2283 1399 2453 1455 parva
2480 1382 2620 1434 vesi·

566 1482 617 1534 7.
653 1468 912 1517 modulata
948 1469 1060 1533 lege
1093 1469 1286 1533 loquax
1324 1485 1397 1518 os.
1430 1465 1511 1519 Ea
1600 1465 1724 1518 cula
1740 1501 1756 1528 ,
1776 1465 1896 1518 imae
1916 1463 2107 1536 jecoris
2131 1459 2266 1535 parti
2287 1459 2591 1516 adherente
2605 1500 2622 1527 ,

496 1542 783 1596 modulatio
808 1562 874 1596 ex
901 1542 1110 1596 duobus
1132 1544 1361 1598 maxime
1387 1562 1512 1616 pro·
1601 1554 1927 1596 contentum.

1170 1784 1953 1817 ψ*

1313 2001 1821 2050 luconNExA.

492 2193 691 2260 sne
731 2189 803 2258 in
838 2189 1166 2285 conjugiis
1203 2189 1280 2258 fit
1316 2189 1550 2278 noxia,
1583 2191 1639 2260 si
1675 2191 1881 2260 nimia
1913 2205 2014 2259 est
2377 2190 2516 2259 dos.

498 2302 707 2370 Sexus
742 2314 1021 2395 uterque
1056 2315 1325 2396 potens,
1359 2299 1479 2370 sed
1517 2299 1835 2396 praevalet
1869 2301 2152 2397 imperio
2355 2325 2518 2371 mas.

495 2411 635 2500 Qui
673 2425 851 2480 recte
884 2411 1117 2498 faciet,
1155 2436 1291 2479 non
1336 2412 1451 2507 qui
1491 2410 1900 2498 dominatur,
1941 2413 2070 2480 erit
2384 2438 2518 2481 rex.

494 2524 710 2591 Vexat
744 2521 1100 2608 amicitiaS,
1146 2535 1214 2591 et
1249 2519 1495 2589 foedera
1530 2519 1842 2589 dissociat
2415 2518 2517 2589 lis.

494 2631 761 2725 Incipe,
780 2629 1109 2725 quidquid
1138 2656 1333 2725 agas:
1360 2653 1484 2724 pro
1512 2644 1656 2698 toto
1691 2644 1791 2699 est
1816 2630 2033 2724 prima
2062 2630 2286 2723 operis
2343 2654 2516 2723 pars,
2591 2656 2614 2693 s

494 2742 803 2811 Insinuat
836 2738 1024 2829 caelo,
1069 2739 1357 2834 Diisque
1388 2740 1621 2809 inserit
1657 2738 1967 2843 emeritos
2359 2737 2524 2808 laus.

493 2854 582 2919 Et
618 2849 983 2945 disciplinis
1026 2849 1324 2919 conferta
1360 2864 1495 2938 est,
1531 2864 1598 2919 et
1638 2846 1816 2919 vitiis
2340 2850 2520 2921 urbs,
2595 2932 2602 2943 ο

492 2960 793 3031 Urbibus
828 2962 901 3030 in
942 2960 1103 3031 tutis
1146 2960 1470 3032 munitior
1511 2961 1792 3031 urbibus
1829 2974 1930 3029 est
2189 2983 2201 2995 ’
2379 2986 2518 3031 arx.

492 3074 681 3141 Auro
715 3094 998 3163 magnus
1034 3070 1289 3162 honos,
1328 3071 1477 3141 auri
1509 3071 1798 3167 pretium
1839 3086 2062 3142 tamen
2100 3086 2197 3141 est
2413 3097 2518 3142 aes,

490 3182 728 3276 Longa
770 3180 909 3250 dies
938 3174 1227 3276 'operosa
1266 3182 1445 3269 viro,
1489 3182 1606 3253 sed
1646 3181 2000 3277 temperies
2347 3207 2514 3268 nox,
2573 3218 2620 3243 ιο

568 3424 613 3459 1.
648 3410 725 3457 rit
761 3410 920 3458 noxia
939 3443 955 3469 ,
1004 3410 1051 3457 si
1092 3409 1244 3459 ηἰιηία
1287 3420 1363 3458 ese
1401 3411 1510 3461 dos.
1601 3386 1606 3393 ἡ
1672 3406 1720 3459 3.
1763 3408 1862 3474 Qui
1893 3418 2021 3456 recte
2037 3404 2218 3469 faciet,
2252 3414 2353 3456 etc.
2396 3406 2619 3456 Dasum-

492 3484 741 3537 Juvenal.
777 3484 884 3539 Sat.
914 3485 1023 3537 VI:
1074 3511 1097 3534 ι
1122 3486 1513 3540 Intolerabilius
1601 3498 1750 3560 ptum
1793 3504 1859 3537 ex
1909 3482 2146 3555 Epistola
2197 3484 2226 3534 1
2271 3482 2508 3549 Horatii,
2553 3481 2622 3535 de

491 3562 628 3615 nihil
651 3574 732 3615 est
756 3582 918 3636 quam
947 3564 1141 3619 femina
1174 3564 1322 3618 dives
1336 3563 1512 3619 ».Vid.
1601 3564 1782 3639 pueris
1809 3580 1989 3635 regem
2011 3562 2345 3634 eligentibus.
2372 3562 2476 3614 En.

490 3640 711 3693 Plautus
730 3681 747 3708 ,
787 3644 963 3695 Aulul.
1010 3656 1111 3698 act.
1152 3646 1182 3697 3
1204 3684 1220 3710 ,
1260 3662 1333 3697 sc.
1359 3642 1389 3696 5
1410 3684 1426 3710 ,
1462 3654 1516 3695 et
1675 3646 1726 3698 5.
1766 3650 1864 3695 Ρη)
1890 3656 1989 3695 coeo
2016 3657 2094 3694 est
2107 3646 2275 3711 prima
2309 3660 2466 3709 opens
2479 3661 2622 3709 pars.

490 3718 717 3771 Martial.
748 3720 842 3773 lib.
862 3722 1028 3787 VIII,
1056 3722 1224 3796 epigr.
1245 3743 1326 3777 ιο.
1349 3754 1419 3763 -
1439 3724 1517 3773 Fit
1601 3724 1718 3776 Huc
1746 3722 1868 3776 facit
1894 3719 2028 3774 illud
2055 3720 2449 3774 Horatianum·
2481 3719 2625 3771 «Di-

489 3800 649 3849 noxia
664 3837 680 3863 ,
700 3810 801 3851 etc.
827 3800 1017 3854 Noster
1045 3802 1263 3875 exponit
1278 3843 1294 3869 ,
1320 3820 1513 3875 pecca·
1600 3800 1824 3857 midium
1846 3800 1970 3856 facti
1996 3800 2090 3871 qui
2111 3800 2271 3871 coepit
2291 3798 2516 3851 habet».

486 3888 594 3929 tur.
646 3877 1035 3949 Exponendum
1078 3892 1207 3951 puto
1234 3921 1250 3947 ,
1300 3892 1457 3935 nocet
1491 3899 1506 3933 ε
1671 3902 1720 3951 7.
1749 3885 1866 3933 Urbs
1885 3920 1902 3945 ,
1933 3897 2043 3933 non
2071 3880 2139 3933 de
2159 3882 2320 3933 Roma
2351 3877 2492 3949 agit,
2531 3878 2626 3931 sed

490 3972 681 4027 nempe
708 3958 899 4010 marito
935 3957 1018 4010 cui
1056 3978 1086 4010 a
1121 3960 1286 4013 divite
1312 3960 1512 4016 femina
1600 3960 1668 4015 de
1691 3961 1822 4014 urbe
1841 3960 2090 4032 qualibet.
2105 3960 2208 4013 En.

484 4034 648 4105 jurgii
672 4054 873 4091 caussae
894 4038 1151 4091 continuo
1178 4040 1508 4094 inferuntur:
1685 4059 1766 4093 ro.
1803 4044 1943 4101 Nox,
1985 4044 2097 4109 Qua
2139 4052 2277 4091 caret
2311 4039 2622 4104 AEekiopum,

484 4112 631 4182 juxta
683 4113 813 4169 illud
828 4115 1119 4182 luvenalis,
1142 4117 1363 4187 Sanvl,
1400 4122 1521 4184 460.
1612 4131 1714 4174 etc.
1771 4119 2140 4173 Hellucinatur
2190 4115 2486 4182 Ausonius,
2529 4114 2626 4189 qui
