2964 4690
468 379 603 466 548

1316 321 1734 447 AUSONII

710 594 843 640 Pmt
892 591 1578 640 INTERROGATIONEM
1629 593 1713 638 ET
1765 593 2314 641 RESPONSIONEM.

456 761 634 847 Qms
663 754 843 824 subit
877 755 947 821 in
982 775 1245 846 poenam
1282 751 1549 846 capitali
1578 751 1878 844 judicio?

457 867 643 958 Quid
687 867 739 936 si
777 865 857 933 lis
892 864 1092 933 suerit
1126 863 1530 946 nummaria,
1565 862 1716 957 quis
1752 862 2065 932 dabitur?

452 979 627 1068 Quis
656 972 1045 1044 mirmilloni
1081 971 1558 1042 contenditur?
1593 973 2000 1066 aequimanus

453 1090 641 1158 Inter
676 1085 954 1153 virtutes
994 1081 1177 1177 quod
1211 1105 1458 1150 nomen
1498 1082 1882 1152 Mercurio?

2351 776 2482 823 Vas.

2291 889 2478 959 praes.

2242 973 2485 1040 Thrax.

2357 1081 2485 1151 fur.

452 1194 806 1279 Turibula‚
845 1208 913 1262 et
946 1207 1226 1287 paterae,
1262 1216 1411 1285 quae
1456 1192 1652 1261 tertia
1685 1217 1838 1262 vasa
1877 1195 2142 1263 Deum?
2233 1227 2244 1236 ·
2305 1191 2479 1264 lanx.
2559 1216 2581 1254 s

452 1309 692 1379 Cincta
728 1305 894 1374 mari
936 1326 1239 1398 quaenam
1283 1300 1478 1373 tellus
1515 1317 1696 1371 creat
1731 1303 2254 1398 Hippocratem?
2325 1307 2480 1374 Cos.

458 1419 639 1488 Grex
678 1415 925 1510 magis,
958 1439 1044 1484 an
1081 1437 1360 1508 regnum
1390 1411 1698 1484 Minoida
1733 1412 2090 1484 sollicitat?

532 1661 575 1694 1.
602 1643 718 1708 Quis
734 1642 871 1701 subit,
893 1649 991 1692 etc.
1010 1639 1303 1692 Discrimen
1320 1637 1473 1709 ponit

454 1721 591 1774 inter
630 1717 821 1773 vadem
858 1728 911 1770 et
946 1715 1195 1789 pradem.
1238 1723 1341 1769 Vas
1378 1734 1472 1771 seu

453 1801 633 1858 vadis,
666 1808 799 1849 teste
823 1795 979 1850 Festo
1000 1832 1016 1858 ‚
1050 1809 1129 1850 est
1158 1813 1379 1868 sponsor
1416 1795 1472 1846 in

452 1896 511 1931 re
536 1875 742 1946 capitali
767 1873 941 1927 datus.
968 1881 1107 1928 Proes
1130 1893 1289 1940 vero,
1320 1876 1475 1947 juxta

449 1953 697 2009 eumdem
717 1993 735 2018 ,
768 1951 861 2024 qui
909 1952 1108 2025 populo
1148 1971 1205 2006 se
1245 1953 1474 2024 obligat,

422 2045 429 2050 '
454 2039 585 2105 (pro
616 2031 904 2104 publicano
939 2043 1070 2102 puta
1084 2071 1100 2097 ‚
1144 2041 1237 2086 aut
1268 2031 1474 2085 redem-

450 2125 602 2186 ptore
627 2111 828 2184 publici
864 2109 1088 2182 alicujus
1125 2109 1336 2182 operis,
1379 2123 1473 2163 eut

450 2190 776 2245 conductore
801 2187 1003 2263 publici
1028 2189 1163 2261 agri)
1183 2189 1474 2260 interroga·

454 2283 645 2343 tusque
666 2289 695 2322 a
718 2268 1027 2341 magistratu
1052 2267 1095 2322 si
1108 2287 1241 2337 praes
1261 2267 1326 2321 sit
1340 2308 1357 2336 ,
1383 2267 1474 2321 ille

453 2348 737 2423 respondet
754 2387 770 2413 ‚
788 2368 943 2417 pras.

526 2432 579 2485 3.
617 2432 738 2496 Quis
759 2428 1085 2480 mirmilloni..
1101 2464 1113 2478 .
1138 2430 1327 2479 stra-t.
1342 2426 1472 2480 Mir-

452 2507 781 2561 millonieum
803 2522 973 2577 genus
998 2516 1281 2559 armature
1306 2504 1472 2560 Galli-

450 2606 574 2641 cum
593 2598 726 2647 erat3
745 2584 949 2656 ipsique
965 2583 1309 2640 Mis-millene,
1326 2584 1469 2639 Gaui

450 2664 852 2737 adpellabantur
876 2662 1027 2731 (teste
1054 2662 1235 2727 Festo,
1260 2664 1319 2717 in
1340 2682 1469 2717 voce

450 2745 683 2811 Betim-io)
696 2783 713 2807 ‚
746 2753 799 2793 et
831 2740 887 2792 in
914 2759 1097 2795 eorum
1123 2741 1282 2813 galeis
1309 2742 1468 2814 piscis

450 2822 651 2895 effigies
680 2821 867 2874 inerat.
902 2819 1040 2873 Cum
1077 2819 1181 2873 hoc
1211 2819 1470 2893 gladiato-

449 2921 571 2954 rum
597 2918 787 2971 genere
818 2896 963 2950 aliud
986 2916 1154 2968 genus
1178 2900 1471 2952 committe-

451 2982 623 3033 batur.
650 2978 885 3030 Thraces
912 2974 1068 3039 dicti,
1099 2987 1159 3028 ut
1186 2976 1301 3031 vult
1328 2977 1468 3031 idem

451 3060 633 3113 Festus
656 3094 673 3121 ,
714 3076 743 3109 a
792 3054 1142 3109 similitudine
1176 3056 1469 3126 palmarum

450 3140 689 3209 (fortasse
701 3133 1087 3208 parmularum)
1099 3134 1473 3191 Thraciarum.

452 3217 635 3269 Thrax
662 3214 765 3267 alio
792 3212 951 3267 etiam
980 3212 1194 3265 nomine
1212 3216 1471 3269 Retia-ius

450 3314 485 3349 ι
522 3294 620 3348 reti
652 3290 798 3366 quod
831 3292 1043 3345 tenebat
1079 3293 1470 3364 complicatum.

452 3374 520 3427 Et
556 3373 649 3445 qui
687 3389 811 3425 cum
846 3390 911 3424 eo
950 3370 1311 3439 committitur,
1346 3373 1471 3426 Mir-

452 3452 631 3518 millo‚
650 3451 807 3504 etiam
836 3449 1083 3516 Secuta,
1107 3468 1172 3503 eo
1194 3450 1338 3524 quod
1366 3452 1469 3504 Re·

450 3530 694 3595 uarium,
726 3533 871 3603 jacto
904 3528 1097 3582 frustra
1121 3529 1244 3595 reti,
1265 3529 1471 3601 fugien-

450 3620 555 3663 tem
572 3649 588 3675 ‚
622 3608 804 3661 stricto
835 3607 1011 3679 gladio
1044 3618 1465 3680 persequeretur.

450 3686 553 3743 Sed
587 3686 658 3740 de
689 3686 774 3740 his
798 3686 907 3739 vid.
933 3687 1074 3759 Lips.
1101 3686 1377 3759 Amphith.
1398 3716 1469 3727 -

448 3769 775 3834 AEqm'manus
802 3766 983 3818 Diras.
1015 3764 1360 3837 AEquimanus
1390 3778 1470 3818 est

448 3843 795 3898 ambidexter.
818 3843 893 3895 Ex
923 3843 1243 3916 Symmacho
1258 3882 1274 3908 ,
1302 3844 1466 3916 Epist.

454 3942 546 3975 101
567 3959 583 3988 ,
622 3923 728 3976 hoc
746 3921 954 3993 adlegat
973 3922 1250 3995 Scioppius
1272 3923 1466 3977 verosi-

448 4000 557 4053 mil.
598 4001 687 4055 lib.
720 4002 825 4065 IV,
859 4017 973 4071 cap.
1002 4018 1105 4069 19:
1153 4026 1178 4047 α
1199 4002 1273 4055 Ut
1312 4002 1466 4073 plane

448 4079 725 4133 Homerica
773 4078 1127 4151 adpellstione
1162 4078 1425 4150 πιριδέξιον
1450 4122 1465 4145 ,

2301 1439 2480 1509 gre-X·

1561 1633 1619 1687 id
1653 1647 1730 1688 est
1749 1670 1766 1698 ,
1813 1633 2207 1706 nquimanum,
2231 1645 2286 1686 te
2319 1651 2433 1688 esse
2461 1653 2579 1705 pro·

1560 1713 1802 1766 nuntiem
1827 1737 1869 1765 u.
1923 1711 2026 1764 lna
2072 1725 2248 1767 autem
2299 1713 2580 1786 adpellatio

1561 1791 1844 1845 Homerica
1905 1791 2133 1845 habetur
2209 1791 2361 1846 Iliad.
2418 1792 2548 1845 XXI
2565 1833 2581 1854 ‚

1567 1873 1665 1925 163
1689 1888 1705 1923 ε
1748 1862 1882 1942 ὕρυς
1907 1859 2227 1942 Ᾰστιροπαῖος
2251 1909 2268 1935 ,
2313 1871 2417 1923 ἐπεὶ
2451 1891 2580 1942 περι-

1562 1951 1713 2014 δέξιος
1742 1947 1818 2008 ἧι.

1633 2037 1683 2094 4.
1737 2033 1886 2098 Quod
1923 2047 2099 2081 nomen
2142 2033 2381 2082 namatio
2397 2039 2425 2080 Ρ
2459 2031 2573 2097 fur.

1563 2107 1722 2174 Quod
1749 2107 1851 2180 ipsi
1876 2107 2036 2160 etiam
2063 2107 2210 2161 laudi
2234 2110 2390 2162 vertit
2415 2107 2581 2162 Horu-

1561 2185 1701 2255 tius,
1742 2188 1839 2239 lib.
1872 2187 1929 2252 1,
1962 2185 2066 2239 Od.
2100 2205 2200 2240 10:
2243 2188 2364 2242 -Te
2393 2205 2579 2241 canam

1562 2267 1740 2337 magni
1769 2265 1916 2320 Jovis
1951 2277 2002 2318 et
2029 2267 2265 2320 Deorum
2291 2267 2544 2320 Nuntium
2561 2306 2578 2330 ‚

1563 2364 1844 2417 curvaque
1894 2345 2023 2419 lyrae
2077 2359 2390 2418 pauentemt
2423 2347 2579 2400 Gaui-

1562 2424 1694 2479 dum
1713 2424 1982 2497 ‚quidquid
2007 2424 2211 2497 placuit
2228 2426 2412 2499 jocoso
2439 2426 2579 2480 Con·

1560 2502 1687 2557 dere
1712 2504 1855 2557 furto
1873 2544 1890 2570 ,
1919 2516 2020 2556 ete.
2045 2530 2071 2551 ιο

1632 2582 1684 2635 5.
1723 2588 1902 2634 Lanoe..
1925 2584 2062 2635 Lata
2085 2582 2268 2656 patina
2306 2586 2434 2639 assis
2459 2602 2575 2639 car·

1557 2661 1715 2715 nibus
1740 2659 1909 2714 dicata
1925 2700 1942 2727 ,
1969 2673 2028 2714 ut
2041 2663 2575 2734 jurulentiantinus.

1558 2741 1622 2792 In
1659 2740 1927 2796 sacrificiis
1967 2760 2182 2815 quoque
2231 2744 2405 2798 locum
2449 2745 2579 2798 obti-

1555 2820 1731 2873 neh-t.

1629 2901 1680 2951 6.
1718 2900 1839 2959 Gn,
1882 2898 2052 2953 insula
2077 2900 2247 2971 AEgaei
2283 2902 2462 2955 maris.
2505 2934 2574 2943 —

1557 2978 1895 3045 Hippocratem
1911 2987 1939 3029 ι’
1973 2982 2081 3032 Gos.
2107 2980 2260 3033 Vixit
2282 2980 2579 3053 Hippocra-

1559 3068 1638 3109 tes
1658 3057 1806 3131 apud
1823 3058 2128 3113 Perdiccam
2147 3060 2470 3113 Macedonia
2489 3081 2574 3114 re·

1560 3154 1694 3206 gem.
1722 3139 1902 3191 Artem
1925 3138 2186 3191 medicam
2213 3139 2268 3191 in
2293 3140 2467 3195 lucem
2495 3158 2576 3193 re—

1559 3216 1800 3279 vocavit,
1846 3217 1902 3269 in
1961 3234 2069 3287 qua
2118 3217 2193 3272 sic
2247 3218 2470 3279 enituit,
2517 3232 2578 3272 ut

1557 3295 1856 3349 venientem
1885 3296 1954 3349 ab
1973 3294 2200 3368 Illyricis
2227 3297 2574 3368 pestilentiam

1558 3373 1857 3446 prndixerit
1884 3413 1900 3438 ,
1971 3374 2364 3449 discipulosque
2437 3380 2573 3432 circs

1559 3454 1714 3507 urbes
1754 3454 1951 3507 auxilio
1992 3454 2228 3522 miserit;
2269 3454 2414 3510 unde
2433 3458 2576 3527 ‚huic

1557 3530 1716 3584 iidem
1734 3531 1961 3586 honores
1987 3532 2202 3595 decreti,
2220 3535 2314 3606 qui
2339 3536 2572 3589 Herculi.

1559 3610 1742 3663 Dictus
1769 3610 2114 3683 Hippocrates
2145 3614 2298 3682 (sicut
2332 3627 2385 3667 et
2416 3616 2573 3687 Apel-

1558 3688 1668 3755 les)
1709 3689 1880 3753 Cous,
1901 3691 2046 3762 'quia
2093 3703 2250 3746 natus
2295 3693 2352 3745 in
2400 3694 2574 3747 insula

1557 3768 1637 3821 Co
1659 3766 1850 3821 Rhodo
1876 3769 2153 3840 proxima,
2190 3782 2243 3824 et
2279 3770 2451 3826 Curio
2481 3791 2575 3844 op-

1555 3844 1746 3917 posita.

1625 3943 1676 3994 7.
1713 3926 1953 3977 Minoida.
1989 3928 2110 3980 Non
2147 3926 2343 3981 Minois
2374 3927 2571 3994 filiam,

1557 4000 1648 4055 sed
1688 4020 1908 4055 uxorem
1951 4004 2264 4077 Pasiphaen.
2302 4038 2372 4047 —
2417 4012 2570 4061 Grex.

1557 4080 1674 4134 Non
1701 4092 1840 4135 totus
1875 4101 1998 4154 grex
2013 4124 2028 4149 ,
2073 4082 2164 4137 sed
2205 4084 2469 4139 fumosus
2505 4105 2570 4140 ex
