<?xml version="1.0" encoding="UTF-8"?>
<!DOCTYPE html PUBLIC "-//W3C//DTD XHTML 1.0 Transitional//EN"
    "http://www.w3.org/TR/xhtml1/DTD/xhtml1-transitional.dtd">
<html xmlns="http://www.w3.org/1999/xhtml" xml:lang="en" lang="en">
 <head>
  <title>
</title>
<meta http-equiv="Content-Type" content="text/html;charset=utf-8" />
  <meta name='ocr-system' content='tesseract 3.04.00' />
  <meta name='ocr-capabilities' content='ocr_page ocr_carea ocr_par ocr_line ocrx_word'/>
</head>
<body>
  <div class='ocr_page' id='page_1' title='image "./poetaelatinimin02unkngoog_0190.png"; bbox 0 0 2964 4690; ppageno 0'>
   <div class='ocr_carea' id='block_1_1' title="bbox 807 367 2489 488">
    <p class='ocr_par' dir='ltr' id='par_1_1' title="bbox 807 367 2489 488">
     <span class='ocr_line' id='line_1_1' title="bbox 807 367 2489 488; baseline 0.003 -6"><span class='ocrx_word' id='word_1_1' title='bbox 807 415 1362 485; x_wconf 76' lang='lat' dir='ltr'><strong>JUVENTINI</strong></span> <span class='ocrx_word' id='word_1_2' title='bbox 1417 417 2046 484; x_wconf 74' lang='lat' dir='ltr'><strong>PHILOMELA.</strong></span> <span class='ocrx_word' id='word_1_3' title='bbox 2328 367 2489 488; x_wconf 23' lang='lat'>‘¹181</span> 
     </span>
    </p>
   </div>
   <div class='ocr_carea' id='block_1_2' title="bbox 349 543 2507 2994">
    <p class='ocr_par' dir='ltr' id='par_1_2' title="bbox 349 543 2507 2994">
     <span class='ocr_line' id='line_1_2' title="bbox 355 543 2500 633; baseline 0.002 -25"><span class='ocrx_word' id='word_1_4' title='bbox 355 543 574 608; x_wconf 87' lang='lat' dir='ltr'>duisse</span> <span class='ocrx_word' id='word_1_5' title='bbox 603 594 619 625; x_wconf 87' lang='lat'>‚</span> <span class='ocrx_word' id='word_1_6' title='bbox 677 543 990 607; x_wconf 84' lang='lat' dir='ltr'>nonnulla</span> <span class='ocrx_word' id='word_1_7' title='bbox 1047 560 1387 607; x_wconf 87' lang='lat' dir='ltr'>auctorum</span> <span class='ocrx_word' id='word_1_8' title='bbox 1451 546 1817 610; x_wconf 87' lang='lat' dir='ltr'>testimonia</span> <span class='ocrx_word' id='word_1_9' title='bbox 1879 546 2177 633; x_wconf 88' lang='lat' dir='ltr'>probant.</span> <span class='ocrx_word' id='word_1_10' title='bbox 2241 549 2500 613; x_wconf 86' lang='lat' dir='ltr'>Terent.</span> 
     </span>
     <span class='ocr_line' id='line_1_3' title="bbox 359 649 2503 742; baseline 0.002 -28"><span class='ocrx_word' id='word_1_11' title='bbox 359 653 607 732; x_wconf 86' lang='lat' dir='ltr'>Varro,</span> <span class='ocrx_word' id='word_1_12' title='bbox 661 649 742 714; x_wconf 89' lang='lat' dir='ltr'>de</span> <span class='ocrx_word' id='word_1_13' title='bbox 791 649 974 738; x_wconf 89' lang='lat' dir='ltr'>Ling.</span> <span class='ocrx_word' id='word_1_14' title='bbox 1010 651 1144 714; x_wconf 91' lang='lat' dir='ltr'>Lat.</span> <span class='ocrx_word' id='word_1_15' title='bbox 1189 650 1298 714; x_wconf 90' lang='lat' dir='ltr'>lib.</span> <span class='ocrx_word' id='word_1_16' title='bbox 1343 651 1474 734; x_wconf 80' lang='lat' dir='ltr'>vl,</span> <span class='ocrx_word' id='word_1_17' title='bbox 1522 675 1661 741; x_wconf 87' lang='lat' dir='ltr'>pag.</span> <span class='ocrx_word' id='word_1_18' title='bbox 1712 653 1789 717; x_wconf 87' lang='lat'>81</span> <span class='ocrx_word' id='word_1_19' title='bbox 1836 653 2031 742; x_wconf 87' lang='lat' dir='ltr'>Oper.</span> <span class='ocrx_word' id='word_1_20' title='bbox 2072 654 2273 718; x_wconf 89' lang='lat' dir='ltr'>multa</span> <span class='ocrx_word' id='word_1_21' title='bbox 2312 655 2503 720; x_wconf 83' lang='lat' dir='ltr'>verba</span> 
     </span>
     <span class='ocr_line' id='line_1_4' title="bbox 355 755 2501 848; baseline 0.002 -28"><span class='ocrx_word' id='word_1_22' title='bbox 355 772 684 837; x_wconf 78' lang='lat' dir='ltr'>recenset,</span> <span class='ocrx_word' id='word_1_23' title='bbox 717 779 862 844; x_wconf 81' lang='lat' dir='ltr'>quae</span> <span class='ocrx_word' id='word_1_24' title='bbox 904 755 988 818; x_wconf 89' lang='lat' dir='ltr'>ab</span> <span class='ocrx_word' id='word_1_25' title='bbox 1040 756 1415 820; x_wconf 86' lang='lat' dir='ltr'>animalium</span> <span class='ocrx_word' id='word_1_26' title='bbox 1464 757 1733 822; x_wconf 86' lang='lat' dir='ltr'>vocibus</span> <span class='ocrx_word' id='word_1_27' title='bbox 1782 757 1939 823; x_wconf 89' lang='lat' dir='ltr'>dicit</span> <span class='ocrx_word' id='word_1_28' title='bbox 1994 781 2119 823; x_wconf 91' lang='lat' dir='ltr'>usu</span> <span class='ocrx_word' id='word_1_29' title='bbox 2162 761 2398 848; x_wconf 81' lang='lat' dir='ltr'>linguae</span> <span class='ocrx_word' id='word_1_30' title='bbox 2434 761 2501 824; x_wconf 89' lang='lat' dir='ltr'>in</span> 
     </span>
     <span class='ocr_line' id='line_1_5' title="bbox 356 853 2503 952; baseline 0.001 -26"><span class='ocrx_word' id='word_1_31' title='bbox 356 863 656 927; x_wconf 89' lang='lat' dir='ltr'>homines</span> <span class='ocrx_word' id='word_1_32' title='bbox 685 853 1004 926; x_wconf 78' lang='lat' dir='ltr'>translata.</span> <span class='ocrx_word' id='word_1_33' title='bbox 1029 862 1403 952; x_wconf 80' lang='lat' dir='ltr'>Spartianus</span> <span class='ocrx_word' id='word_1_34' title='bbox 1437 865 1504 926; x_wconf 84' lang='lat' dir='ltr'>in</span> <span class='ocrx_word' id='word_1_35' title='bbox 1531 865 1727 942; x_wconf 81' lang='lat' dir='ltr'>Geta,</span> <span class='ocrx_word' id='word_1_36' title='bbox 1760 889 1815 930; x_wconf 92' lang='lat' dir='ltr'>c.</span> <span class='ocrx_word' id='word_1_37' title='bbox 1850 862 1921 948; x_wconf 84' lang='lat'>5,</span> <span class='ocrx_word' id='word_1_38' title='bbox 1940 880 2287 947; x_wconf 86' lang='lat' dir='ltr'>memorat,</span> <span class='ocrx_word' id='word_1_39' title='bbox 2314 866 2503 932; x_wconf 85' lang='lat' dir='ltr'>fami-</span> 
     </span>
     <span class='ocr_line' id='line_1_6' title="bbox 357 968 2501 1059; baseline 0.002 -28"><span class='ocrx_word' id='word_1_40' title='bbox 357 969 510 1032; x_wconf 84' lang='lat' dir='ltr'>liare</span> <span class='ocrx_word' id='word_1_41' title='bbox 553 968 708 1032; x_wconf 89' lang='lat' dir='ltr'>huic</span> <span class='ocrx_word' id='word_1_42' title='bbox 751 969 981 1032; x_wconf 75' lang='lat' dir='ltr'>Caesari</span> <span class='ocrx_word' id='word_1_43' title='bbox 1019 968 1253 1049; x_wconf 85' lang='lat' dir='ltr'>fuisse,</span> <span class='ocrx_word' id='word_1_44' title='bbox 1285 968 1402 1032; x_wconf 89' lang='lat' dir='ltr'>has</span> <span class='ocrx_word' id='word_1_45' title='bbox 1435 971 1825 1057; x_wconf 79' lang='lat' dir='ltr'>quaestiones</span> <span class='ocrx_word' id='word_1_46' title='bbox 1861 971 2309 1037; x_wconf 83' lang='lat' dir='ltr'><strong>Grammaticis</strong></span> <span class='ocrx_word' id='word_1_47' title='bbox 2345 994 2501 1059; x_wconf 89' lang='lat' dir='ltr'>pro·</span> 
     </span>
     <span class='ocr_line' id='line_1_7' title="bbox 355 1071 2505 1163; baseline 0.002 -27"><span class='ocrx_word' id='word_1_48' title='bbox 355 1095 604 1162; x_wconf 90' lang='lat' dir='ltr'>ponere</span> <span class='ocrx_word' id='word_1_49' title='bbox 633 1122 651 1155; x_wconf 90' lang='lat'>,</span> <span class='ocrx_word' id='word_1_50' title='bbox 709 1087 782 1136; x_wconf 91' lang='lat' dir='ltr'>ut</span> <span class='ocrx_word' id='word_1_51' title='bbox 835 1071 1128 1136; x_wconf 82' lang='lat' dir='ltr'><strong>dicerent</strong></span> <span class='ocrx_word' id='word_1_52' title='bbox 1150 1120 1168 1154; x_wconf 84' lang='lat'>‚</span> <span class='ocrx_word' id='word_1_53' title='bbox 1225 1072 1478 1162; x_wconf 85' lang='lat' dir='ltr'>singula</span> <span class='ocrx_word' id='word_1_54' title='bbox 1536 1075 1835 1140; x_wconf 81' lang='lat' dir='ltr'>animalia</span> <span class='ocrx_word' id='word_1_55' title='bbox 1886 1074 2223 1163; x_wconf 89' lang='lat' dir='ltr'>quomodo</span> <span class='ocrx_word' id='word_1_56' title='bbox 2277 1099 2505 1141; x_wconf 87' lang='lat' dir='ltr'>vocem</span> 
     </span>
     <span class='ocr_line' id='line_1_8' title="bbox 356 1177 2507 1275; baseline 0.002 -32"><span class='ocrx_word' id='word_1_57' title='bbox 356 1179 732 1243; x_wconf 82' lang='lat' dir='ltr'>emitterent</span> <span class='ocrx_word' id='word_1_58' title='bbox 754 1224 773 1261; x_wconf 85' lang='lat'>‚</span> <span class='ocrx_word' id='word_1_59' title='bbox 821 1201 1060 1266; x_wconf 88' lang='lat' dir='ltr'>easque</span> <span class='ocrx_word' id='word_1_60' title='bbox 1108 1177 1191 1242; x_wconf 88' lang='lat' dir='ltr'>de</span> <span class='ocrx_word' id='word_1_61' title='bbox 1241 1179 1566 1244; x_wconf 85' lang='lat' dir='ltr'>veteribus</span> <span class='ocrx_word' id='word_1_62' title='bbox 1617 1180 2020 1275; x_wconf 82' lang='lat' dir='ltr'>adprobare3</span> <span class='ocrx_word' id='word_1_63' title='bbox 2071 1181 2187 1246; x_wconf 85' lang='lat' dir='ltr'>ubi</span> <span class='ocrx_word' id='word_1_64' title='bbox 2234 1185 2507 1274; x_wconf 87' lang='lat' dir='ltr'>exempli</span> 
     </span>
     <span class='ocr_line' id='line_1_9' title="bbox 355 1284 2501 1366; baseline 0.001 -16"><span class='ocrx_word' id='word_1_65' title='bbox 355 1307 578 1350; x_wconf 83' lang='lat' dir='ltr'>caussa</span> <span class='ocrx_word' id='word_1_66' title='bbox 620 1284 928 1349; x_wconf 88' lang='lat' dir='ltr'><strong>undecim</strong></span> <span class='ocrx_word' id='word_1_67' title='bbox 963 1284 1284 1366; x_wconf 82' lang='lat' dir='ltr'>ejusmodi</span> <span class='ocrx_word' id='word_1_68' title='bbox 1317 1307 1511 1350; x_wconf 83' lang='lat' dir='ltr'>voces</span> <span class='ocrx_word' id='word_1_69' title='bbox 1552 1303 2047 1352; x_wconf 84' lang='lat' dir='ltr'>enumerantur.·</span> <span class='ocrx_word' id='word_1_70' title='bbox 2083 1290 2403 1352; x_wconf 77' lang='lat' dir='ltr'>Caeterum</span> <span class='ocrx_word' id='word_1_71' title='bbox 2432 1290 2501 1352; x_wconf 87' lang='lat' dir='ltr'>in</span> 
     </span>
     <span class='ocr_line' id='line_1_10' title="bbox 353 1389 2499 1483; baseline 0.003 -31"><span class='ocrx_word' id='word_1_72' title='bbox 353 1389 622 1454; x_wconf 79' lang='lat' dir='ltr'>vocibus</span> <span class='ocrx_word' id='word_1_73' title='bbox 663 1390 1082 1472; x_wconf 84' lang='lat' dir='ltr'>animalium,</span> <span class='ocrx_word' id='word_1_74' title='bbox 1129 1409 1291 1477; x_wconf 88' lang='lat' dir='ltr'>quas</span> <span class='ocrx_word' id='word_1_75' title='bbox 1329 1391 1456 1454; x_wconf 86' lang='lat' dir='ltr'>hoc</span> <span class='ocrx_word' id='word_1_76' title='bbox 1494 1414 1755 1457; x_wconf 87' lang='lat' dir='ltr'>carmen</span> <span class='ocrx_word' id='word_1_77' title='bbox 1790 1407 2081 1475; x_wconf 84' lang='lat' dir='ltr'>enarrat,</span> <span class='ocrx_word' id='word_1_78' title='bbox 2121 1393 2499 1483; x_wconf 81' lang='lat' dir='ltr'><strong>colligendis</strong></span> 
     </span>
     <span class='ocr_line' id='line_1_11' title="bbox 353 1491 2501 1582; baseline 0.002 -24"><span class='ocrx_word' id='word_1_79' title='bbox 353 1511 422 1558; x_wconf 89' lang='lat' dir='ltr'>et</span> <span class='ocrx_word' id='word_1_80' title='bbox 449 1491 848 1582; x_wconf 75' lang='lat' dir='ltr'>explicandis</span> <span class='ocrx_word' id='word_1_81' title='bbox 872 1492 994 1556; x_wconf 82' lang='lat' dir='ltr'>viri</span> <span class='ocrx_word' id='word_1_82' title='bbox 1031 1492 1266 1557; x_wconf 88' lang='lat' dir='ltr'>eruditi</span> <span class='ocrx_word' id='word_1_83' title='bbox 1305 1495 1573 1582; x_wconf 88' lang='lat' dir='ltr'>antiqua</span> <span class='ocrx_word' id='word_1_84' title='bbox 1606 1513 1669 1560; x_wconf 91' lang='lat' dir='ltr'>et</span> <span class='ocrx_word' id='word_1_85' title='bbox 1704 1497 2067 1560; x_wconf 83' lang='lat' dir='ltr'>recentiore</span> <span class='ocrx_word' id='word_1_86' title='bbox 2106 1512 2291 1561; x_wconf 77' lang='lat' dir='ltr'>aetate</span> <span class='ocrx_word' id='word_1_87' title='bbox 2325 1500 2501 1563; x_wconf 88' lang='lat' dir='ltr'>mul-</span> 
     </span>
     <span class='ocr_line' id='line_1_12' title="bbox 357 1597 2499 1692; baseline 0.003 -29"><span class='ocrx_word' id='word_1_88' title='bbox 357 1617 488 1664; x_wconf 88' lang='lat' dir='ltr'>tam</span> <span class='ocrx_word' id='word_1_89' title='bbox 515 1620 774 1688; x_wconf 86' lang='lat' dir='ltr'>operam</span> <span class='ocrx_word' id='word_1_90' title='bbox 797 1597 1543 1686; x_wconf 86' lang='lat' dir='ltr'>posuerunt.Glossaria,</span> <span class='ocrx_word' id='word_1_91' title='bbox 1569 1599 1672 1665; x_wconf 86' lang='lat' dir='ltr'>vel</span> <span class='ocrx_word' id='word_1_92' title='bbox 1698 1601 1967 1692; x_wconf 85' lang='lat' dir='ltr'>catalogi</span> <span class='ocrx_word' id='word_1_93' title='bbox 1996 1625 2215 1666; x_wconf 89' lang='lat' dir='ltr'>earum</span> <span class='ocrx_word' id='word_1_94' title='bbox 2240 1625 2499 1686; x_wconf 85' lang='lat' dir='ltr'>vocum,</span> 
     </span>
     <span class='ocr_line' id='line_1_13' title="bbox 353 1705 2499 1798; baseline 0.002 -27"><span class='ocrx_word' id='word_1_95' title='bbox 353 1705 556 1772; x_wconf 77' lang='lat' dir='ltr'>Graeci</span> <span class='ocrx_word' id='word_1_96' title='bbox 602 1721 668 1770; x_wconf 91' lang='lat' dir='ltr'>et</span> <span class='ocrx_word' id='word_1_97' title='bbox 715 1705 962 1787; x_wconf 86' lang='lat' dir='ltr'>Latini,</span> <span class='ocrx_word' id='word_1_98' title='bbox 1009 1727 1216 1793; x_wconf 87' lang='lat' dir='ltr'>quum</span> <span class='ocrx_word' id='word_1_99' title='bbox 1255 1707 1720 1794; x_wconf 85' lang='lat' dir='ltr'>manuscripti,</span> <span class='ocrx_word' id='word_1_100' title='bbox 1765 1722 1907 1771; x_wconf 89' lang='lat' dir='ltr'>tum</span> <span class='ocrx_word' id='word_1_101' title='bbox 1939 1709 2237 1796; x_wconf 86' lang='lat' dir='ltr'>impressi</span> <span class='ocrx_word' id='word_1_102' title='bbox 2262 1712 2499 1798; x_wconf 88' lang='lat' dir='ltr'>passim</span> 
     </span>
     <span class='ocr_line' id='line_1_14' title="bbox 353 1809 2501 1890; baseline 0.002 -14"><span class='ocrx_word' id='word_1_103' title='bbox 353 1826 629 1876; x_wconf 83' lang='lat' dir='ltr'>exstant.</span> <span class='ocrx_word' id='word_1_104' title='bbox 675 1810 830 1875; x_wconf 91' lang='lat' dir='ltr'>Duo</span> <span class='ocrx_word' id='word_1_105' title='bbox 872 1809 1191 1890; x_wconf 83' lang='lat' dir='ltr'>ejusmodi</span> <span class='ocrx_word' id='word_1_106' title='bbox 1240 1811 1470 1874; x_wconf 89' lang='lat' dir='ltr'>Latina</span> <span class='ocrx_word' id='word_1_107' title='bbox 1508 1810 1916 1876; x_wconf 77' lang='lat' dir='ltr'>bibliothecae</span> <span class='ocrx_word' id='word_1_108' title='bbox 1961 1813 2291 1878; x_wconf 88' lang='lat' dir='ltr'>Leidensis</span> <span class='ocrx_word' id='word_1_109' title='bbox 2329 1817 2501 1882; x_wconf 91' lang='lat' dir='ltr'>Petr.</span> 
     </span>
     <span class='ocr_line' id='line_1_15' title="bbox 353 1914 2496 2008; baseline 0.004 -28"><span class='ocrx_word' id='word_1_110' title='bbox 353 1919 768 1981; x_wconf 86' lang='lat' dir='ltr'>Burmannus</span> <span class='ocrx_word' id='word_1_111' title='bbox 819 1915 1226 1980; x_wconf 88' lang='lat' dir='ltr'>adnotationi</span> <span class='ocrx_word' id='word_1_112' title='bbox 1281 1939 1416 1979; x_wconf 84' lang='lat' dir='ltr'>suae</span> <span class='ocrx_word' id='word_1_113' title='bbox 1471 1914 1554 1980; x_wconf 90' lang='lat' dir='ltr'>ad</span> <span class='ocrx_word' id='word_1_114' title='bbox 1605 1917 1868 1982; x_wconf 88' lang='lat' dir='ltr'>Anthol.</span> <span class='ocrx_word' id='word_1_115' title='bbox 1916 1919 2027 1982; x_wconf 89' lang='lat' dir='ltr'>lib.</span> <span class='ocrx_word' id='word_1_116' title='bbox 2066 1919 2144 2001; x_wconf 89' lang='lat' dir='ltr'>V,</span> <span class='ocrx_word' id='word_1_117' title='bbox 2184 1943 2285 2008; x_wconf 88' lang='lat' dir='ltr'>ep.</span> <span class='ocrx_word' id='word_1_118' title='bbox 2334 1923 2496 2005; x_wconf 72' lang='lat'>143,</span> 
     </span>
     <span class='ocr_line' id='line_1_16' title="bbox 353 2021 2495 2111; baseline 0.002 -25"><span class='ocrx_word' id='word_1_119' title='bbox 353 2045 419 2110; x_wconf 89' lang='lat' dir='ltr'>p.</span> <span class='ocrx_word' id='word_1_120' title='bbox 454 2027 582 2102; x_wconf 71' lang='lat'>424</span> <span class='ocrx_word' id='word_1_121' title='bbox 614 2038 681 2087; x_wconf 92' lang='lat' dir='ltr'>et</span> <span class='ocrx_word' id='word_1_122' title='bbox 725 2022 892 2104; x_wconf 77' lang='grc'>434,</span> <span class='ocrx_word' id='word_1_123' title='bbox 931 2022 1183 2111; x_wconf 85' lang='lat' dir='ltr'>integra</span> <span class='ocrx_word' id='word_1_124' title='bbox 1215 2022 1533 2086; x_wconf 88' lang='lat' dir='ltr'>inseruit:</span> <span class='ocrx_word' id='word_1_125' title='bbox 1568 2021 1753 2087; x_wconf 69' lang='lat' dir='ltr'>idem*</span> <span class='ocrx_word' id='word_1_126' title='bbox 1776 2023 2007 2089; x_wconf 89' lang='lat' dir='ltr'>eodem</span> <span class='ocrx_word' id='word_1_127' title='bbox 2041 2049 2319 2090; x_wconf 85' lang='lat' dir='ltr'>numero</span> <span class='ocrx_word' id='word_1_128' title='bbox 2356 2050 2495 2090; x_wconf 85' lang='lat' dir='ltr'>car·</span> 
     </span>
     <span class='ocr_line' id='line_1_17' title="bbox 353 2127 2493 2212; baseline 0.002 -19"><span class='ocrx_word' id='word_1_129' title='bbox 353 2151 502 2194; x_wconf 87' lang='lat' dir='ltr'>men</span> <span class='ocrx_word' id='word_1_130' title='bbox 536 2127 713 2192; x_wconf 89' lang='lat' dir='ltr'>aliud</span> <span class='ocrx_word' id='word_1_131' title='bbox 745 2149 934 2192; x_wconf 85' lang='lat' dir='ltr'>voces</span> <span class='ocrx_word' id='word_1_132' title='bbox 973 2127 1402 2192; x_wconf 88' lang='lat' dir='ltr'>animantium</span> <span class='ocrx_word' id='word_1_133' title='bbox 1440 2151 1783 2194; x_wconf 83' lang='lat' dir='ltr'>recensens</span> <span class='ocrx_word' id='word_1_134' title='bbox 1804 2179 1821 2212; x_wconf 92' lang='lat'>,</span> <span class='ocrx_word' id='word_1_135' title='bbox 1869 2146 1933 2193; x_wconf 86' lang='lat' dir='ltr'>et</span> <span class='ocrx_word' id='word_1_136' title='bbox 1966 2130 2259 2196; x_wconf 83' lang='lat' dir='ltr'>versibus</span> <span class='ocrx_word' id='word_1_137' title='bbox 2294 2132 2493 2201; x_wconf 84' lang='lat' dir='ltr'>hexa-</span> 
     </span>
     <span class='ocr_line' id='line_1_18' title="bbox 352 2232 2496 2322; baseline 0.002 -24"><span class='ocrx_word' id='word_1_138' title='bbox 352 2235 573 2300; x_wconf 87' lang='lat' dir='ltr'>metris</span> <span class='ocrx_word' id='word_1_139' title='bbox 606 2235 918 2322; x_wconf 87' lang='lat' dir='ltr'>scriptum</span> <span class='ocrx_word' id='word_1_140' title='bbox 941 2282 960 2315; x_wconf 90' lang='lat'>,</span> <span class='ocrx_word' id='word_1_141' title='bbox 997 2232 1294 2317; x_wconf 84' lang='lat' dir='ltr'>subjicit3</span> <span class='ocrx_word' id='word_1_142' title='bbox 1341 2250 1409 2298; x_wconf 87' lang='lat' dir='ltr'>et</span> <span class='ocrx_word' id='word_1_143' title='bbox 1440 2235 1508 2297; x_wconf 89' lang='lat' dir='ltr'>in</span> <span class='ocrx_word' id='word_1_144' title='bbox 1544 2250 1779 2299; x_wconf 80' lang='lat' dir='ltr'>nostrae</span> <span class='ocrx_word' id='word_1_145' title='bbox 1820 2235 2229 2302; x_wconf 76' lang='lat' dir='ltr'>bibliothecae</span> <span class='ocrx_word' id='word_1_146' title='bbox 2256 2239 2496 2304; x_wconf 87' lang='lat' dir='ltr'>Acade-</span> 
     </span>
     <span class='ocr_line' id='line_1_19' title="bbox 353 2339 2490 2433; baseline 0.001 -26"><span class='ocrx_word' id='word_1_147' title='bbox 353 2344 534 2407; x_wconf 82' lang='lat' dir='ltr'>micae</span> <span class='ocrx_word' id='word_1_148' title='bbox 557 2340 777 2431; x_wconf 82' lang='lat' dir='ltr'>Mspto</span> <span class='ocrx_word' id='word_1_149' title='bbox 804 2342 1037 2424; x_wconf 80' lang='lat' dir='ltr'>veteri,</span> <span class='ocrx_word' id='word_1_150' title='bbox 1081 2339 1262 2430; x_wconf 87' lang='lat' dir='ltr'>quod</span> <span class='ocrx_word' id='word_1_151' title='bbox 1297 2341 1871 2433; x_wconf 84' lang='lat' dir='ltr'>Cosmographiam</span> <span class='ocrx_word' id='word_1_152' title='bbox 1912 2343 2155 2410; x_wconf 86' lang='lat' dir='ltr'>AEthiei</span> <span class='ocrx_word' id='word_1_153' title='bbox 2196 2368 2346 2410; x_wconf 87' lang='lat' dir='ltr'>cum</span> <span class='ocrx_word' id='word_1_154' title='bbox 2370 2348 2490 2411; x_wconf 86' lang='lat' dir='ltr'>Iti·</span> 
     </span>
     <span class='ocr_line' id='line_1_20' title="bbox 353 2450 2491 2544; baseline 0.002 -31"><span class='ocrx_word' id='word_1_155' title='bbox 353 2450 608 2515; x_wconf 88' lang='lat' dir='ltr'>nerario</span> <span class='ocrx_word' id='word_1_156' title='bbox 652 2450 970 2514; x_wconf 89' lang='lat' dir='ltr'>Antonini</span> <span class='ocrx_word' id='word_1_157' title='bbox 1015 2450 1347 2532; x_wconf 87' lang='lat' dir='ltr'>continet,</span> <span class='ocrx_word' id='word_1_158' title='bbox 1387 2451 1559 2515; x_wconf 88' lang='lat' dir='ltr'>inter</span> <span class='ocrx_word' id='word_1_159' title='bbox 1606 2452 1727 2515; x_wconf 89' lang='lat' dir='ltr'>alia</span> <span class='ocrx_word' id='word_1_160' title='bbox 1778 2451 2211 2541; x_wconf 85' lang='lat' dir='ltr'>fragmentum</span> <span class='ocrx_word' id='word_1_161' title='bbox 2254 2454 2491 2544; x_wconf 84' lang='lat' dir='ltr'>legitur</span> 
     </span>
     <span class='ocr_line' id='line_1_21' title="bbox 349 2544 2489 2649; baseline 0.001 -26"><span class='ocrx_word' id='word_1_162' title='bbox 349 2557 684 2637; x_wconf 86' lang='lat' dir='ltr'>carminis,</span> <span class='ocrx_word' id='word_1_163' title='bbox 712 2544 900 2644; x_wconf 87' lang='lat' dir='ltr'>quale</span> <span class='ocrx_word' id='word_1_164' title='bbox 929 2571 1228 2620; x_wconf 90' lang='lat' dir='ltr'>nostrum</span> <span class='ocrx_word' id='word_1_165' title='bbox 1256 2573 1388 2639; x_wconf 85' lang='lat' dir='ltr'>est,</span> <span class='ocrx_word' id='word_1_166' title='bbox 1427 2556 1512 2620; x_wconf 91' lang='lat' dir='ltr'>de</span> <span class='ocrx_word' id='word_1_167' title='bbox 1551 2558 1819 2623; x_wconf 85' lang='lat' dir='ltr'>vocibus</span> <span class='ocrx_word' id='word_1_168' title='bbox 1860 2560 2231 2625; x_wconf 85' lang='lat' dir='ltr'>animalium</span> <span class='ocrx_word' id='word_1_169' title='bbox 2254 2610 2273 2645; x_wconf 84' lang='lat'><em>‚</em></span> <span class='ocrx_word' id='word_1_170' title='bbox 2308 2560 2489 2649; x_wconf 86' lang='lat' dir='ltr'>quod</span> 
     </span>
     <span class='ocr_line' id='line_1_22' title="bbox 349 2663 2487 2753; baseline 0.001 -26"><span class='ocrx_word' id='word_1_171' title='bbox 349 2663 567 2751; x_wconf 83' lang='lat' dir='ltr'>plures</span> <span class='ocrx_word' id='word_1_172' title='bbox 611 2685 834 2727; x_wconf 82' lang='lat' dir='ltr'>versus</span> <span class='ocrx_word' id='word_1_173' title='bbox 871 2685 1022 2727; x_wconf 90' lang='lat' dir='ltr'>cum</span> <span class='ocrx_word' id='word_1_174' title='bbox 1063 2678 1288 2727; x_wconf 87' lang='lat' dir='ltr'>nostro</span> <span class='ocrx_word' id='word_1_175' title='bbox 1322 2686 1704 2728; x_wconf 87' lang='lat' dir='ltr'>communes</span> <span class='ocrx_word' id='word_1_176' title='bbox 1744 2666 1939 2729; x_wconf 89' lang='lat' dir='ltr'>habet</span> <span class='ocrx_word' id='word_1_177' title='bbox 1962 2716 1979 2742; x_wconf 88' lang='lat'>,</span> <span class='ocrx_word' id='word_1_178' title='bbox 2018 2682 2212 2753; x_wconf 89' lang='lat' dir='ltr'>atque</span> <span class='ocrx_word' id='word_1_179' title='bbox 2254 2668 2344 2730; x_wconf 89' lang='lat' dir='ltr'>sic</span> <span class='ocrx_word' id='word_1_180' title='bbox 2386 2668 2487 2729; x_wconf 91' lang='lat' dir='ltr'>in-</span> 
     </span>
     <span class='ocr_line' id='line_1_23' title="bbox 349 2768 542 2856; baseline 0.005 -25"><span class='ocrx_word' id='word_1_181' title='bbox 349 2768 542 2856; x_wconf 87' lang='lat' dir='ltr'>cipit:</span> 
     </span>
     <span class='ocr_line' id='line_1_24' title="bbox 635 2920 1745 2994; baseline 0.002 -22"><span class='ocrx_word' id='word_1_182' title='bbox 635 2920 710 2973; x_wconf 91' lang='lat' dir='ltr'>Ut</span> <span class='ocrx_word' id='word_1_183' title='bbox 740 2920 948 2973; x_wconf 84' lang='lat' dir='ltr'>balatus</span> <span class='ocrx_word' id='word_1_184' title='bbox 971 2922 1118 2985; x_wconf 81' lang='lat' dir='ltr'>ovis,</span> <span class='ocrx_word' id='word_1_185' title='bbox 1144 2920 1219 2975; x_wconf 88' lang='lat' dir='ltr'>sic</span> <span class='ocrx_word' id='word_1_186' title='bbox 1249 2932 1324 2973; x_wconf 84' lang='lat' dir='ltr'>est</span> <span class='ocrx_word' id='word_1_187' title='bbox 1355 2920 1535 2994; x_wconf 79' lang='lat' dir='ltr'>rugire</span> <span class='ocrx_word' id='word_1_188' title='bbox 1563 2921 1745 2974; x_wconf 85' lang='lat' dir='ltr'>leonis.</span> 
     </span>
    </p>
   </div>
   <div class='ocr_carea' id='block_1_3' title="bbox 629 3006 1994 3167">
    <p class='ocr_par' dir='ltr' id='par_1_3' title="bbox 629 3006 1994 3167">
     <span class='ocr_line' id='line_1_25' title="bbox 635 3006 1825 3078; baseline 0.002 -21"><span class='ocrx_word' id='word_1_189' title='bbox 635 3006 708 3058; x_wconf 91' lang='lat' dir='ltr'>Ut</span> <span class='ocrx_word' id='word_1_190' title='bbox 731 3006 922 3059; x_wconf 82' lang='lat' dir='ltr'>latrare</span> <span class='ocrx_word' id='word_1_191' title='bbox 943 3007 1087 3060; x_wconf 84' lang='lat' dir='ltr'>canis</span> <span class='ocrx_word' id='word_1_192' title='bbox 1103 3044 1122 3072; x_wconf 86' lang='lat'>‚</span> <span class='ocrx_word' id='word_1_193' title='bbox 1149 3008 1383 3061; x_wconf 74' lang='lat' dir='ltr'>harritus</span> <span class='ocrx_word' id='word_1_194' title='bbox 1411 3008 1489 3061; x_wconf 79' lang='lat' dir='ltr'>sic</span> <span class='ocrx_word' id='word_1_195' title='bbox 1514 3007 1825 3078; x_wconf 78' lang='lat' dir='ltr'>elephantis.</span> 
     </span>
     <span class='ocr_line' id='line_1_26' title="bbox 629 3093 1994 3167; baseline -0.002 -18"><span class='ocrx_word' id='word_1_196' title='bbox 629 3094 724 3149; x_wconf 75' lang='lat' dir='ltr'>Eut</span> <span class='ocrx_word' id='word_1_197' title='bbox 745 3093 988 3149; x_wconf 80' lang='lat' dir='ltr'>hinnitus</span> <span class='ocrx_word' id='word_1_198' title='bbox 1016 3096 1138 3167; x_wconf 89' lang='lat' dir='ltr'>equi</span> <span class='ocrx_word' id='word_1_199' title='bbox 1160 3136 1176 3163; x_wconf 91' lang='lat'><strong>,</strong></span> <span class='ocrx_word' id='word_1_200' title='bbox 1203 3114 1302 3149; x_wconf 86' lang='lat' dir='ltr'>nec</span> <span class='ocrx_word' id='word_1_201' title='bbox 1325 3114 1436 3148; x_wconf 85' lang='lat' dir='ltr'>nou</span> <span class='ocrx_word' id='word_1_202' title='bbox 1457 3093 1667 3148; x_wconf 79' lang='lat' dir='ltr'>ruditus</span> <span class='ocrx_word' id='word_1_203' title='bbox 1688 3093 1861 3162; x_wconf 80' lang='lat' dir='ltr'>aselli,</span> <span class='ocrx_word' id='word_1_204' title='bbox 1891 3107 1994 3149; x_wconf 88' lang='lat' dir='ltr'>etc.</span> 
     </span>
    </p>
   </div>
   <div class='ocr_carea' id='block_1_4' title="bbox 345 3274 2491 4217">
    <p class='ocr_par' dir='ltr' id='par_1_4' title="bbox 345 3274 2491 4217">
     <span class='ocr_line' id='line_1_27' title="bbox 345 3274 2487 3368; baseline 0 -27"><span class='ocrx_word' id='word_1_205' title='bbox 345 3275 476 3341; x_wconf 90' lang='lat' dir='ltr'>Sed</span> <span class='ocrx_word' id='word_1_206' title='bbox 512 3292 578 3341; x_wconf 87' lang='lat' dir='ltr'>et</span> <span class='ocrx_word' id='word_1_207' title='bbox 612 3293 838 3343; x_wconf 85' lang='lat' dir='ltr'>nostro</span> <span class='ocrx_word' id='word_1_208' title='bbox 869 3279 1334 3368; x_wconf 84' lang='lat' dir='ltr'>superioreque</span> <span class='ocrx_word' id='word_1_209' title='bbox 1366 3276 1601 3341; x_wconf 77' lang='lat' dir='ltr'>soeculo</span> <span class='ocrx_word' id='word_1_210' title='bbox 1633 3274 1750 3338; x_wconf 90' lang='lat' dir='ltr'>viri</span> <span class='ocrx_word' id='word_1_211' title='bbox 1784 3274 1961 3339; x_wconf 87' lang='lat' dir='ltr'>docti</span> <span class='ocrx_word' id='word_1_212' title='bbox 1996 3297 2188 3362; x_wconf 88' lang='lat' dir='ltr'>quam</span> <span class='ocrx_word' id='word_1_213' title='bbox 2223 3277 2487 3363; x_wconf 87' lang='lat' dir='ltr'>plurimi</span> 
     </span>
     <span class='ocr_line' id='line_1_28' title="bbox 347 3380 2490 3474; baseline 0.001 -28"><span class='ocrx_word' id='word_1_214' title='bbox 347 3398 806 3473; x_wconf 85' lang='lat' dir='ltr'>argumentum</span> <span class='ocrx_word' id='word_1_215' title='bbox 843 3384 975 3449; x_wconf 89' lang='lat' dir='ltr'>hoc</span> <span class='ocrx_word' id='word_1_216' title='bbox 1007 3386 1260 3474; x_wconf 85' lang='lat' dir='ltr'>scriptis</span> <span class='ocrx_word' id='word_1_217' title='bbox 1292 3383 1424 3447; x_wconf 89' lang='lat' dir='ltr'>suis</span> <span class='ocrx_word' id='word_1_218' title='bbox 1444 3431 1462 3465; x_wconf 91' lang='lat'>‚</span> <span class='ocrx_word' id='word_1_219' title='bbox 1498 3397 1563 3447; x_wconf 90' lang='lat' dir='ltr'>et</span> <span class='ocrx_word' id='word_1_220' title='bbox 1594 3381 2027 3470; x_wconf 84' lang='lat' dir='ltr'>singularibus</span> <span class='ocrx_word' id='word_1_221' title='bbox 2064 3380 2227 3445; x_wconf 88' lang='lat' dir='ltr'>adeo</span> <span class='ocrx_word' id='word_1_222' title='bbox 2259 3381 2490 3448; x_wconf 89' lang='lat' dir='ltr'>disser-</span> 
     </span>
     <span class='ocr_line' id='line_1_29' title="bbox 349 3487 2491 3579; baseline 0 -26"><span class='ocrx_word' id='word_1_223' title='bbox 349 3488 704 3554; x_wconf 86' lang='lat' dir='ltr'>tationibus</span> <span class='ocrx_word' id='word_1_224' title='bbox 728 3489 1160 3573; x_wconf 85' lang='lat' dir='ltr'>illustrarunt,</span> <span class='ocrx_word' id='word_1_225' title='bbox 1192 3512 1358 3578; x_wconf 86' lang='lat' dir='ltr'>quos</span> <span class='ocrx_word' id='word_1_226' title='bbox 1381 3487 1531 3575; x_wconf 89' lang='lat' dir='ltr'>quia</span> <span class='ocrx_word' id='word_1_227' title='bbox 1562 3509 1787 3550; x_wconf 88' lang='lat' dir='ltr'>omnes</span> <span class='ocrx_word' id='word_1_228' title='bbox 1814 3508 2193 3551; x_wconf 87' lang='lat' dir='ltr'>enumerare</span> <span class='ocrx_word' id='word_1_229' title='bbox 2218 3490 2491 3579; x_wconf 86' lang='lat' dir='ltr'>longum</span> 
     </span>
     <span class='ocr_line' id='line_1_30' title="bbox 347 3586 2488 3681; baseline 0.001 -24"><span class='ocrx_word' id='word_1_230' title='bbox 347 3610 479 3676; x_wconf 85' lang='lat' dir='ltr'>est,</span> <span class='ocrx_word' id='word_1_231' title='bbox 500 3594 844 3660; x_wconf 87' lang='lat' dir='ltr'>amandare</span> <span class='ocrx_word' id='word_1_232' title='bbox 877 3618 1056 3661; x_wconf 90' lang='lat' dir='ltr'>meos</span> <span class='ocrx_word' id='word_1_233' title='bbox 1086 3599 1358 3662; x_wconf 85' lang='lat' dir='ltr'>lectores</span> <span class='ocrx_word' id='word_1_234' title='bbox 1391 3593 1609 3657; x_wconf 88' lang='lat' dir='ltr'>licebit</span> <span class='ocrx_word' id='word_1_235' title='bbox 1636 3591 1718 3656; x_wconf 89' lang='lat' dir='ltr'>ad</span> <span class='ocrx_word' id='word_1_236' title='bbox 1749 3586 2045 3656; x_wconf 78' lang='lat' dir='ltr'>auctores</span> <span class='ocrx_word' id='word_1_237' title='bbox 2065 3641 2084 3674; x_wconf 87' lang='lat'><strong>,</strong></span> <span class='ocrx_word' id='word_1_238' title='bbox 2111 3595 2224 3681; x_wconf 88' lang='lat' dir='ltr'>qui</span> <span class='ocrx_word' id='word_1_239' title='bbox 2260 3618 2488 3660; x_wconf 88' lang='lat' dir='ltr'>eorum</span> 
     </span>
     <span class='ocr_line' id='line_1_31' title="bbox 347 3701 2490 3793; baseline 0.001 -30"><span class='ocrx_word' id='word_1_240' title='bbox 347 3724 688 3765; x_wconf 87' lang='lat' dir='ltr'>recensum</span> <span class='ocrx_word' id='word_1_241' title='bbox 721 3719 995 3791; x_wconf 83' lang='lat' dir='ltr'>egerunt</span> <span class='ocrx_word' id='word_1_242' title='bbox 1014 3752 1032 3785; x_wconf 91' lang='lat'>,</span> <span class='ocrx_word' id='word_1_243' title='bbox 1071 3726 1308 3793; x_wconf 89' lang='lat' dir='ltr'>nempe</span> <span class='ocrx_word' id='word_1_244' title='bbox 1340 3702 1511 3765; x_wconf 87' lang='lat' dir='ltr'>Petr.</span> <span class='ocrx_word' id='word_1_245' title='bbox 1550 3702 1997 3763; x_wconf 89' lang='lat' dir='ltr'>Burmannum</span> <span class='ocrx_word' id='word_1_246' title='bbox 2031 3701 2177 3765; x_wconf 92' lang='lat' dir='ltr'>loco</span> <span class='ocrx_word' id='word_1_247' title='bbox 2206 3702 2337 3780; x_wconf 89' lang='lat' dir='ltr'>jam</span> <span class='ocrx_word' id='word_1_248' title='bbox 2378 3701 2490 3767; x_wconf 88' lang='lat' dir='ltr'>ad-</span> 
     </span>
     <span class='ocr_line' id='line_1_32' title="bbox 351 3804 2487 3896; baseline 0 -25"><span class='ocrx_word' id='word_1_249' title='bbox 351 3808 601 3896; x_wconf 76' lang='lat' dir='ltr'>legato,</span> <span class='ocrx_word' id='word_1_250' title='bbox 645 3822 711 3872; x_wconf 89' lang='lat' dir='ltr'>et</span> <span class='ocrx_word' id='word_1_251' title='bbox 759 3810 814 3872; x_wconf 83' lang='lat' dir='ltr'>J.</span> <span class='ocrx_word' id='word_1_252' title='bbox 867 3808 944 3873; x_wconf 88' lang='lat' dir='ltr'>A.</span> <span class='ocrx_word' id='word_1_253' title='bbox 988 3810 1357 3874; x_wconf 87' lang='lat' dir='ltr'>Fabricium</span> <span class='ocrx_word' id='word_1_254' title='bbox 1403 3805 1565 3870; x_wconf 84' lang='lat' dir='ltr'>Bihl.</span> <span class='ocrx_word' id='word_1_255' title='bbox 1620 3804 1826 3869; x_wconf 78' lang='lat' dir='ltr'>Graec.</span> <span class='ocrx_word' id='word_1_256' title='bbox 1875 3806 1985 3869; x_wconf 88' lang='lat' dir='ltr'>lib.</span> <span class='ocrx_word' id='word_1_257' title='bbox 2032 3807 2131 3887; x_wconf 88' lang='grc' dir='ltr'>ΙΙ,</span> <span class='ocrx_word' id='word_1_258' title='bbox 2176 3829 2319 3894; x_wconf 78' lang='lat' dir='ltr'>cap.</span> <span class='ocrx_word' id='word_1_259' title='bbox 2372 3831 2441 3871; x_wconf 87' lang='lat'>11</span> <span class='ocrx_word' id='word_1_260' title='bbox 2468 3856 2487 3889; x_wconf 91' lang='lat'>‚</span> 
     </span>
     <span class='ocr_line' id='line_1_33' title="bbox 347 3910 2486 4006; baseline -0.001 -29"><span class='ocrx_word' id='word_1_261' title='bbox 347 3920 382 3994; x_wconf 77' lang='lat' dir='ltr'>S</span> <span class='ocrx_word' id='word_1_262' title='bbox 415 3918 508 4006; x_wconf 60' lang='grc' dir='ltr'>Δί,ι</span> <span class='ocrx_word' id='word_1_263' title='bbox 522 3913 636 3977; x_wconf 88' lang='lat' dir='ltr'>ubi</span> <span class='ocrx_word' id='word_1_264' title='bbox 662 3914 912 4002; x_wconf 87' lang='lat' dir='ltr'>plures,</span> <span class='ocrx_word' id='word_1_265' title='bbox 947 3938 1190 4004; x_wconf 90' lang='lat' dir='ltr'>eosque</span> <span class='ocrx_word' id='word_1_266' title='bbox 1223 3910 1701 3980; x_wconf 81' lang='lat' dir='ltr'>recentissimos</span> <span class='ocrx_word' id='word_1_267' title='bbox 1724 3928 2021 3986; x_wconf 84' lang='lat' dir='ltr'>auctores</span> <span class='ocrx_word' id='word_1_268' title='bbox 2046 3910 2291 3976; x_wconf 87' lang='lat' dir='ltr'>addidit</span> <span class='ocrx_word' id='word_1_269' title='bbox 2322 3914 2486 3977; x_wconf 88' lang='lat' dir='ltr'>Har-</span> 
     </span>
     <span class='ocr_line' id='line_1_34' title="bbox 350 4017 2486 4107; baseline -0 -26"><span class='ocrx_word' id='word_1_270' title='bbox 350 4018 543 4082; x_wconf 87' lang='lat' dir='ltr'>lesius</span> <span class='ocrx_word' id='word_1_271' title='bbox 579 4020 650 4083; x_wconf 85' lang='lat' dir='ltr'>V.</span> <span class='ocrx_word' id='word_1_272' title='bbox 690 4021 763 4083; x_wconf 90' lang='lat' dir='ltr'>C.</span> <span class='ocrx_word' id='word_1_273' title='bbox 803 4044 982 4085; x_wconf 84' lang='lat' dir='ltr'>novae</span> <span class='ocrx_word' id='word_1_274' title='bbox 1016 4021 1168 4087; x_wconf 85' lang='lat' dir='ltr'>edit.</span> <span class='ocrx_word' id='word_1_275' title='bbox 1209 4038 1366 4085; x_wconf 91' lang='lat' dir='ltr'>tom.</span> <span class='ocrx_word' id='word_1_276' title='bbox 1406 4020 1470 4101; x_wconf 79' lang='lat'>1,</span> <span class='ocrx_word' id='word_1_277' title='bbox 1504 4040 1567 4104; x_wconf 83' lang='grc' dir='ltr'>Ρ.</span> <span class='ocrx_word' id='word_1_278' title='bbox 1603 4020 1750 4103; x_wconf 74' lang='grc'><strong><em>724.</em></strong></span> <span class='ocrx_word' id='word_1_279' title='bbox 1785 4019 2095 4083; x_wconf 84' lang='lat' dir='ltr'>Versibus</span> <span class='ocrx_word' id='word_1_280' title='bbox 2132 4017 2260 4083; x_wconf 85' lang='lat' dir='ltr'>hoc</span> <span class='ocrx_word' id='word_1_281' title='bbox 2290 4040 2486 4107; x_wconf 87' lang='lat' dir='ltr'>argu-</span> 
     </span>
     <span class='ocr_line' id='line_1_35' title="bbox 349 4124 2489 4217; baseline -0.001 -28"><span class='ocrx_word' id='word_1_282' title='bbox 349 4143 644 4193; x_wconf 88' lang='lat' dir='ltr'>mentum</span> <span class='ocrx_word' id='word_1_283' title='bbox 686 4128 1028 4217; x_wconf 79' lang='lat' dir='ltr'>explicasse</span> <span class='ocrx_word' id='word_1_284' title='bbox 1065 4128 1320 4194; x_wconf 86' lang='lat' dir='ltr'>videtur</span> <span class='ocrx_word' id='word_1_285' title='bbox 1347 4128 1493 4191; x_wconf 74' lang='lat' dir='ltr'>Nic.</span> <span class='ocrx_word' id='word_1_286' title='bbox 1518 4124 1713 4189; x_wconf 72' lang='lat' dir='ltr'>Baen‘i</span> <span class='ocrx_word' id='word_1_287' title='bbox 1743 4124 2267 4212; x_wconf 78' lang='lat' dir='ltr'>Ornithophom‘a,</span> <span class='ocrx_word' id='word_1_288' title='bbox 2290 4146 2489 4188; x_wconf 87' lang='lat' dir='ltr'>carm.</span> 
     </span>
    </p>
   </div>
  </div>
 </body>
</html>
