2964 4690
835 431 974 497 AD
1021 429 1321 496 CARM.
1374 429 1508 496 DE
1572 428 1886 495 ROSIS.
2338 453 2421 526 ¹9

293 568 392 648 pio
427 562 627 642 hujus
665 557 997 624 Prooemii.
1041 557 1118 619 In
1170 555 1559 643 quibusdam
1602 555 1793 621 codd.
1848 556 1963 620 MS
1998 557 2420 625 Lmnuuun

297 668 386 730 vel
413 669 778 730 Licinum
816 685 938 751 pro
971 660 1266 726 Vomano
1293 662 1522 726 vitiose
1572 662 1885 750 scriptum
1920 683 2087 743 esse,
2118 663 2421 728 observa-

295 774 382 836 vit
415 775 772 836 Burmann.
807 767 892 834 ad
921 767 1186 832 Anthol.
1216 769 1279 832 11
1299 815 1318 848 ,
1351 768 1491 831 160.
1520 768 1785 832 Rectius
1810 766 2155 855 aliquando
2183 769 2423 834 γονία-

297 901 408 941 nus
437 877 566 942 dici
595 875 878 954 videtur,
913 875 982 938 in
1013 872 1194 938 libris
1229 889 1432 966 manu
1461 873 1753 938 exaratis.
1780 871 1908 937 Sed
1934 873 2271 940 Vomanus
2298 897 2426 939 usu

299 985 508 1050 tritius
535 1005 785 1046 nomen
813 1029 834 1062 ,
865 981 1016 1068 quia
1064 979 1258 1045 etiam
1301 977 1541 1043 fluvius
1579 979 1799 1043 Piceni
1838 979 2213 1061 Vomanus,
2240 981 2427 1061 cujus

299 1088 594 1154 meminit
623 1087 820 1152 Silius
841 1087 982 1152 Ital.
1009 1085 1166 1152 VIII
1182 1133 1199 1166 ‚
1226 1084 1358 1170 439
1381 1107 1396 1148 :
1417 1100 1714 1172 «statque
1739 1085 2109 1150 humectata
2130 1086 2429 1150 Vomano

299 1193 592 1260 Hadria».
621 1193 722 1256 De
757 1193 904 1279 ipso
929 1191 1230 1254 Vomano
1250 1238 1269 1265 ,
1297 1190 1412 1276 qui
1445 1189 1650 1253 homo
1671 1237 1688 1270 ,
1714 1205 1783 1253 et
1814 1213 1945 1278 qua
1975 1207 2159 1256 aetate
2188 1192 2389 1257 fuerit
2410 1243 2426 1274 ,

299 1299 462 1364 nihil
507 1300 645 1364 fere
695 1312 988 1378 constat,
1024 1296 1147 1360 nisi
1181 1294 1360 1382 quod
1397 1318 1640 1360 nomen
1676 1296 1814 1376 ejus
1850 1297 2021 1361 inter
2052 1297 2181 1362 XII
2210 1314 2433 1385 poetas

297 1402 728 1470 Scholastioos
760 1401 1106 1489 reperitur,
1140 1424 1426 1489 quorum
1475 1402 1763 1465 carmina
1804 1400 1885 1466 de
1924 1403 2122 1468 rebus
2148 1405 2250 1469 vel
2290 1405 2435 1469 the-

301 1510 582 1574 matibus
609 1507 948 1572 nonnullis
983 1508 1274 1572 certatim
1305 1508 1545 1595 scripta
1580 1509 1649 1570 in
1688 1508 1919 1572 Pithoei
1950 1507 2332 1575 collectione
2370 1529 2437 1575 et

301 1615 660 1680 Burmanni
681 1613 1075 1702 Anthologia
1120 1614 1447 1702 leguntur.
1495 1613 1602 1677 Sic
1640 1615 1777 1695 ejus
1822 1637 2041 1679 versus
2080 1634 2439 1682 occurrunt

299 1723 470 1788 inter
501 1721 958 1812 epigrammata
987 1719 1072 1782 de
1105 1722 1346 1782 rathma
1373 1719 1614 1783 tabuloe
1628 1769 1647 1800 ,
1680 1721 1747 1782 in
1772 1720 2084 1784 tumulum
2128 1719 2441 1786 Ciceronis·

295 1824 1479 1912 dViJgilii,deIride,deimagboezh
1503 1813 1716 1907 tanda,
1740 1825 1821 1887 de
1844 1847 2028 1890 amne
2058 1823 2437 1912 glacieeon-

295 1946 502 2010 creto,
523 1929 602 1992 de
621 1942 766 1993 ortu
785 1929 950 1992 Solis
966 1976 984 2008 ,
1000 1929 1082 1993 de
1101 1930 1314 2017 Signis
1336 1928 1677 1994 coelestibus
1691 1977 1709 2010 ,
1728 1931 1809 1993 de
1825 1942 2107 2019 quatuor
2126 1946 2445 2020 tempesta-

295 2039 486 2102 tibus.
509 2035 1125 2100 Praestantissinium
1150 2057 1380 2098 eorum
1400 2081 1419 2115 ,
1447 2057 1593 2122 quoe
1615 2033 1740 2098 sub
1767 2036 2034 2100 nomine
2062 2037 2199 2116 ejus
2226 2038 2442 2102 ferun-

297 2161 434 2223 mr,
455 2141 824 2205 ‹rai-minum
851 2139 1032 2204 haud
1057 2138 1258 2203 dubie
1275 2155 1407 2221 est,
1435 2138 1617 2227 quod
1664 2162 1842 2204 nunc
1868 2139 2121 2205 edimus
2142 2191 2160 2224 ,
2193 2141 2277 2206 de
2308 2144 2444 2207 lau-

297 2247 502 2314 dibus
523 2244 812 2312 Hortuli.
834 2244 1251 2332 Quamquam
1261 2245 1439 2310 enim
1456 2247 1521 2308 in
1539 2245 1640 2310 his
1652 2245 2075 2333 praedicandis
2090 2249 2195 2312 vix
2212 2249 2333 2312 alia
2354 2273 2447 2314 ra·

297 2356 520 2435 tione,
550 2374 748 2440 quam
769 2352 840 2415 in
865 2349 1310 2415 describendis
1341 2350 1679 2415 nonnullis
1710 2352 1975 2417 Naturae
2000 2353 2445 2441 phoenomenis

295 2484 462 2527 usus
516 2474 658 2540 est,
691 2480 906 2545 neque
938 2458 1010 2521 in
1041 2457 1116 2521 iis
1149 2456 1482 2521 excitatius
1524 2457 1789 2545 aliquod
1828 2476 2037 2545 poetae
2074 2460 2445 2549 ingenium,
2506 2482 2511 2489 ’

295 2566 418 2631 sed
461 2587 726 2629 merum
771 2563 1190 2631 Grammatici
1248 2562 1589 2627 artificium
1608 2612 1627 2646 ,
1674 2565 1775 2628 vel
1816 2565 2097 2631 rhetoris
2148 2570 2453 2633 exercita·

293 2688 604 2737 menum
633 2668 932 2757 adparet,
962 2690 1096 2756 quo
1128 2667 1472 2733 commoda
1509 2689 1546 2731 e
1581 2668 1761 2732 cultu
1793 2692 2051 2757 usuque
2085 2672 2263 2737 horti
2296 2696 2449 2761 per-

288 2776 608 2867 cipienda
639 2776 964 2866 sigillatim
1001 2792 1197 2862 atque
1227 2798 1348 2863 per
1391 2790 1605 2862 partes
1641 2796 1965 2863 exponere
2007 2794 2279 2842 conatus
2316 2796 2445 2859 est3

289 2886 430 2949 hoc
456 2884 684 2971 ipsum
719 2896 932 2945 tamen
965 2881 1176 2947 multo
1208 2880 1632 2961 luculentius,
1656 2901 1856 2967 quam
1890 2880 1959 2944 in
1998 2883 2239 2946 caeteris
2278 2884 2445 2963 ejus-

291 2987 486 3053 modi
521 2985 1070 3074 descriptionibus
1085 3034 1105 3068 ,
1133 2983 1206 3048 fit
1219 3034 1238 3067 ,
1263 2984 1661 3073 singulaeque
1690 3001 1903 3071 partes
1936 2987 2259 3074 exquisita
2286 3011 2445 3076 poe-

293 3113 522 3160 tarum
551 3092 840 3158 dictione
873 3093 1319 3172 enuntiantur,
1338 3107 1416 3154 ut
1441 3093 1735 3179 quamvis
1758 3114 1931 3155 mera
1961 3094 2281 3158 enarratio
2309 3119 2444 3161 non

289 3198 668 3281 injucunda
698 3220 822 3262 nec
857 3199 1155 3261 inornata
1181 3196 1495 3261 videatur.

391 3303 604 3387 Quod
665 3318 903 3391 quarto
960 3303 1104 3367 loco
1153 3302 1491 3389 posuimus
1542 3323 1797 3365 carmen
1840 3302 1919 3365 de
1960 3302 2143 3367 Rosia
2160 3354 2179 3385 ,
2215 3304 2447 3372 Petrus

295 3416 726 3477 Burmannus
746 3458 766 3491 ,
791 3412 908 3498 qui
933 3406 1096 3473 illud
1122 3406 1388 3472 Anthol.
1418 3408 1553 3471 Lat.
1586 3408 1703 3471 lib.·
1727 3410 1824 3472 111
1842 3458 1859 3489 ,
1886 3432 2079 3475 carm.
2116 3434 2271 3499 292,
2299 3436 2450 3502 pro-

293 3516 534 3606 poenit
548 3563 570 3595 ,
594 3514 924 3603 inscripsit
949 3515 1213 3578 lucan-11
1236 3511 1539 3595 Idy-Ilium
1564 3512 1645 3575 de
1676 3512 1864 3576 Rosa.
1894 3516 2101 3596 Cujus
2132 3520 2229 3581 nei
2260 3521 2449 3584 ratio-

293 3645 426 3687 nes
455 3622 572 3685 ille
601 3622 812 3708 ampla
839 3621 908 3683 in
937 3619 1354 3684 adnotatione
1380 3618 1667 3698 subjecta
1702 3618 1948 3701 reddit,
1973 3645 2099 3710 qua
2131 3625 2447 3690 variantes

287 3727 580 3793 diversis
637 3726 706 3789 in
761 3724 1232 3812 exemplaribus
1290 3723 1426 3803 ejus
1492 3720 1703 3811 ldyuii
1756 3726 2210 3814 inscriptiones
2231 3778 2249 3811 ,
2304 3746 2447 3795 tum

285 3833 512 3897 varias
561 3831 700 3912 ejus
749 3830 1074 3896 editiones
1089 3878 1108 3907 ‚
1133 3844 1202 3892 et
1235 3827 1645 3893 eruditorum
1680 3828 1763 3893 de
1796 3836 2062 3896 a’uctore
2098 3838 2449 3900 sententias

287 3955 592 4005 enarrat.
623 3938 804 4020 Quas
837 3960 926 4001 ne
959 3936 1084 4024 ipsi
1115 3958 1375 4000 necesse
1403 3935 1757 4000 habeamus
1794 3958 2087 4003 seorsum
2120 3962 2195 4003 ae
2230 3940 2449 4005 denuo

287 4066 654 4111 recensere
693 4060 765 4108 et
805 4059 1136 4133 repetere,
1179 4042 1495 4130 integram
1554 4044 1907 4106 Burmanni
1965 4044 2449 4111 adnotationem

289 4152 416 4216 hic
457 4150 920 4237 transm-iptam
963 4146 1381 4212 exhibeamus
1421 4170 1436 4209 ε
1487 4148 1817 4229 «Maroni,
1866 4150 2110 4236 inquit,
2146 4152 2457 4219 tribuitur

2110 4282 2171 4323 2.
