2964 4690
761 353 894 418 DE
941 349 1597 420 coLUMELLAE
1642 346 2114 418 INTERPR.
2178 323 2183 328 ’
2414 365 2483 410 ιι

467 482 860 569 interpretes
895 479 1193 544 Honulus
1220 479 1623 560 Columellas,
1648 493 1880 566 praeter
1920 497 2060 556 eos,
2090 475 2203 562 qui
2246 474 2313 536 in
2360 495 2493 536 om-

380 609 494 650 nes
545 585 682 665 ejus
725 585 922 650 libros
959 586 1376 650 commentati
1411 600 1599 665 sunt,
1626 581 1977 671 singulares
2014 580 2261 665 aliquot
2295 577 2495 666 priva-

381 692 498 754 tim
553 707 780 755 nactus
837 707 937 755 est
955 739 974 772 ,
1015 705 1091 754 ut
1137 691 1263 755 Jul.
1309 689 1751 778 Pomponium
1802 686 2232 750 Fortunatam
2253 733 2272 766 ,
2310 684 2493 763 cujus

379 795 822 861 adnotationes
868 773 1094 884 amplae
1129 797 1280 860 satis
1301 844 1319 877 ,
1356 818 1476 860 nec
1510 812 1725 860 tamen
1761 792 1945 857 valde
1986 790 2298 880 praeclarae
2316 839 2333 864 ,
2362 789 2491 868 jam

379 903 446 964 in
489 901 754 966 vetustis
809 902 1181 966 Columellae
1236 901 1661 982 editionibus,
1696 897 2126 978 Bononiensi,
2158 895 2455 984 Regiensi
2479 941 2495 973 ,

357 1008 642 1080 ..Iuntina
677 1022 743 1070 et
761 1006 1152 1071 Ascensiana
1183 1022 1718 1096 comparuerunt:
1746 1007 1844 1069 10.
1882 1003 2227 1093 Baptistam
2262 999 2452 1064 Pium
2476 1047 2493 1081 ,

377 1113 491 1200 qui
525 1111 1032 1178 Adnotationum
1068 1127 1307 1201 poster.
1345 1113 1438 1200 (in
1471 1113 1650 1178 Facis
1681 1112 1941 1176 Gruter.
1975 1126 2158 1174 tomo
2188 1107 2245 1194 1)
2263 1154 2281 1188 ,
2306 1131 2361 1171 c.
2390 1105 2497 1186 33,

377 1233 517 1281 tum
549 1217 874 1282 continuis
910 1240 1090 1307 capp.
1132 1217 1252 1305 157
1275 1217 1358 1282 ad
1388 1223 1512 1307 174
1530 1267 1549 1299 ,
1570 1219 1772 1282 multa
1790 1218 1931 1281 loca
1957 1213 2216 1279 Hortuli
2240 1212 2499 1276 Colum.

379 1322 740 1386 emendavit
775 1341 842 1387 et
873 1324 1171 1413 exposuit
1186 1371 1204 1404 ,
1225 1347 1385 1412 quas
1409 1323 1858 1388 adnotationes
1881 1321 1975 1385 Pii
1998 1321 2245 1408 primus
2265 1321 2499 1381 Ascen-

377 1428 509 1490 sius
535 1443 710 1491 texto
745 1450 878 1492 suae
911 1427 1211 1492 editionis
1246 1429 1414 1515 1529
1445 1429 1758 1510 adjunxit.
1793 1431 1979 1516 Casp.
2007 1424 2305 1490 Barthius
2338 1445 2497 1486 non·

379 1531 550 1594 nulla
605 1529 742 1610 ejus
797 1531 993 1596 libelli
1051 1531 1390 1596 illustravit
1440 1533 1777 1597 Adversar.
1840 1532 1949 1595 lib.
2005 1532 2067 1611 I,
2110 1551 2245 1616 cap.
2303 1549 2377 1609 2,
2430 1542 2493 1590 et

377 1638 690 1702 XXXVII
709 1686 726 1719 ,
761 1661 824 1725 7,
881 1655 1022 1704 tum
1074 1640 1310 1728 passim
1363 1641 1432 1702 in
1486 1655 1904 1704 commentar.
1950 1636 2031 1702 ad
2070 1635 2295 1725 Papin.
2339 1635 2495 1698 Stat.

377 1743 580 1806 Multa
611 1743 706 1807 Cl.
739 1742 1083 1808 Salmasius
1113 1745 1180 1808 in
1213 1745 1521 1810 Exercitt.
1554 1744 1720 1809 Plin.
1754 1743 1837 1808 ad
1858 1743 1990 1808 Sol.
2027 1757 2092 1807 et
2116 1743 2183 1805 in
2208 1742 2497 1805 Homon.

379 1847 573 1935 Hyles
622 1850 770 1912 latr.
807 1848 1010 1913 multa
1065 1847 1348 1938 denique
1373 1850 1495 1914 Th.
1526 1849 1799 1913 Crenius
1836 1850 1905 1912 in
1943 1871 2095 1912 eum
2130 1845 2494 1925 adnotavit,

379 1951 816 2016 Animadvers.
867 1953 1096 2016 Philol.
1151 1955 1319 2017 Part.
1375 1955 1474 2034 X,
1512 1976 1548 2017 a
1600 1977 1745 2043 pag.
1792 1976 1835 2040 9
1872 1952 1953 2018 ad
1990 1952 2095 2038 39.
2146 1954 2493 2038 Excerptas

375 2057 778 2145 digestasque
826 2058 1064 2122 horum
1097 2059 1388 2124 virorum
1437 2059 1885 2123 adnotationes
1923 2058 2115 2122 simul
2152 2078 2377 2120 omnes
2425 2055 2493 2118 in

375 2185 540 2226 nova
576 2163 1222 2250 praestantissimaque
1253 2164 1623 2228 Columellas
1660 2163 1945 2229 editione
1988 2165 2159 2226 inter
2204 2162 2492 2248 Scripto-

367 2291 469 2333 res
522 2269 817 2333 Rusticos
859 2266 1038 2334 dedit
1068 2272 1119 2334 J.
1151 2269 1243 2334 M.
1280 2270 1643 2354 Gesnerus,
1678 2294 1713 2334 e
1760 2270 1998 2359 quibus
2036 2291 2158 2359 ego
2200 2267 2391 2357 selegi
2430 2282 2497 2329 et

373 2377 438 2437 in
497 2396 668 2439 meas
713 2376 936 2457 retuli,
986 2398 1143 2463 quas
1184 2374 1468 2440 viderem
1519 2401 1655 2440 rem
1705 2378 1791 2440 ita
1834 2397 2189 2464 exponere,
2229 2390 2304 2438 ut
2355 2396 2495 2437 mea

371 2502 668 2567 novaque
720 2480 1139 2569 explicatione
1185 2504 1321 2546 non
1367 2503 1533 2570 opus
1565 2500 1749 2547 esset.
1788 2482 2071 2547 Plurima
2105 2502 2251 2544 meo
2296 2480 2495 2567 ipsius

372 2582 586 2647 studio
617 2586 855 2674 peregi.
903 2584 1207 2651 Fundum
1255 2586 1555 2651 editionis
1594 2611 1750 2652 meae
1792 2588 1915 2652 feci
1947 2586 2296 2651 editionem
2336 2585 2495 2649 Ges-

372 2690 698 2755 nerianam
748 2692 914 2781 Lips.
959 2691 1159 2778 1735,
1209 2695 1393 2775 cujus
1439 2716 1562 2782 ego
1600 2712 1664 2759 et
1710 2712 1957 2759 textum
1995 2694 2238 2758 servavi
2276 2692 2494 2779 paucis

371 2798 633 2863 mutatis
649 2846 666 2869 ‚
693 2814 759 2862 et
783 2798 1167 2871 variationes
1197 2799 1491 2863 lectionis
1520 2822 1555 2862 e
1583 2800 1803 2889 priscis
1822 2798 2288 2887 exemplaribus
2312 2797 2393 2859 ab
2415 2819 2493 2859 eo

372 2917 663 2967 enotatas
699 2903 822 2967 sub
859 2918 1034 2969 texto
1081 2904 1291 2991 posui.
1335 2905 1552 2991 Atque
1587 2928 1665 2967 ex
1700 2903 2097 2969 editionibus
2132 2926 2168 2966 a
2205 2901 2494 2966 Gesnero

371 3009 692 3095 usurpatis
721 3008 858 3097 ipse
896 3025 1168 3074 tractare
1203 3010 1389 3097 potui
1420 3008 1717 3074 Aldinam
1763 3007 1928 3086 1514
1961 3034 1997 3073 e
2027 3008 2326 3073 biblioth.
2362 3010 2495 3071 Du·

371 3112 491 3175 cali
517 3112 846 3178 Guelferb.
878 3130 1240 3203 acceptam,
1269 3114 1544 3203 Gryphii
1571 3114 2073 3205 Lugdunensem
2110 3112 2266 3192 1541
2286 3162 2305 3196 ,
2324 3113 2487 3177 Rob.

370 3216 679 3304 Stephani
729 3220 923 3284 Paris.
970 3220 1170 3303 1543,
1217 3237 1282 3285 et
1313 3219 1578 3288 Hieron.
1618 3221 2044 3303 Commelini,
2092 3218 2292 3307 1595,
2331 3242 2489 3308 quas

371 3322 758 3389 bibliotheca
793 3325 1154 3391 Academiae
1201 3344 1437 3391 nostrae
1486 3328 1934 3417 suppeditavit.
1972 3328 2088 3391 His
2126 3344 2341 3393 tamen
2380 3350 2488 3391 ac-

369 3447 699 3494 cesserunt
753 3432 1040 3497 subsidia
1089 3434 1485 3497 recensionis
1538 3434 1656 3497 alia
1715 3456 1850 3497 non
1900 3434 2281 3520 spernenda.
2322 3434 2486 3497 Nam

369 3555 512 3619 quae
569 3535 866 3601 secundae
918 3536 1184 3602 editioni
1239 3540 1657 3604 Rusticorum
1715 3538 2259 3603 Gesnerianorum
2317 3538 2485 3626 Lips.

377 3640 541 3725 1773
575 3640 658 3703 ab
689 3641 986 3707 Ernestio
1021 3641 1252 3707 additae
1287 3662 1474 3725 sunt,
1509 3646 1800 3732 pauculae
1838 3645 2317 3724 adnotationes,
2345 3660 2485 3707 tum
2558 3654 2565 3659 ’

366 3743 674 3808 lectiones
735 3746 972 3811 codicis
1028 3748 1628 3838 sangermanensis,
1688 3766 1751 3811 et
1811 3750 2289 3814 observationes
2350 3750 2485 3811 Viri

365 3847 570 3930 docti,
597 3852 866 3941 margini
893 3852 1190 3919 editionis
1203 3854 1451 3920 Aldinae
1478 3852 1729 3936 additae,
1750 3877 1954 3942 quum
1982 3856 2117 3942 ipse
2140 3854 2302 3918 liber
2329 3854 2489 3920 mihi

367 3968 600 4039 praesto
635 3977 770 4019 non
809 3975 1012 4040 esset,
1044 3959 1124 4022 ab
1161 3960 1561 4023 humanitate
1598 3975 1662 4022 et
1696 3958 1909 4024 officio
1959 3958 2309 4025 doctissimi
2350 3958 2485 4020 Viri

366 4060 418 4123 J.
453 4060 534 4123 N.
571 4061 828 4126 Niclasii
865 4066 1236 4153 impetravi,
1266 4084 1340 4131 ut
1371 4066 1702 4155 descripta?
1740 4067 1896 4131 meis
1939 4066 2161 4131 usibus
2193 4080 2489 4152 aptaren-
