2964 4690
983 413 1236 482 Novl
1284 409 1789 480 EDITORIS.
1900 397 1909 402 ’
2300 395 2443 493 443

320 545 406 610 de
437 545 664 609 Causs.
701 545 884 607 Corr.
920 543 1107 631 Eloq.
1148 563 1284 630 cap.
1321 563 1430 608 12:
1465 571 1493 598 ι
1528 540 1665 606 Nec
1690 540 1861 604 ullus
1900 539 2105 603 Asinii
2132 551 2245 604 aut
2274 538 2449 606 Mes-

315 652 462 716 saloe
509 649 672 714 liber
721 665 854 713 tam
899 648 1164 714 illustris
1211 665 1342 730 est,
1405 669 1601 736 quam
1634 644 1865 711 Medea
1896 644 2113 710 Ovidii
2152 659 2267 710 aut
2294 647 2449 710 Vari

318 757 712 844 Thyestem:
761 776 1034 843 eamque
1084 754 1410 842 scripsisse·
1460 754 1767 834 juvenem
1824 767 2003 841 patet
2055 773 2132 816 ex
2186 751 2296 815 lib.
2353 751 2451 816 111

321 863 546 926 Amor.
593 860 770 949 Eleg.
819 860 850 923 1
867 907 886 942 ,
933 880 1052 946 293
1104 874 1171 922 et
1215 874 1428 923 certus
1489 876 1641 922 sum
1689 857 2047 946 genuinum
2100 853 2177 920 ex
2222 853 2453 920 Medea

317 964 648 1038 ‘ovidiana
684 985 943 1030 versum
975 964 1201 1029 haberi
1243 963 1418 1054 apud
1451 964 1759 1028 Senecam
1777 1011 1795 1044 ,
1829 961 2086 1028 Suasor.
2120 963 2255 1026 111:
2289 963 2454 1026 «Fe-

331 1095 446 1136 ror
499 1072 633 1137 huc
681 1071 836 1136 illuc
885 1086 962 1134 ut
1007 1071 1201 1159 plena
1252 1073 1394 1136 Deo
1423 1091 1482 1133 »t
1516 1069 1670 1134 licet
1715 1081 1969 1134 tantum
2019 1090 2097 1132 ex
2150 1065 2456 1156 tragoedia

327 1177 584 1261 Ovidii,
633 1175 880 1242 Medeae
928 1176 1198 1242 nomine
1251 1185 1391 1241 non
1446 1195 1749 1264 expresso
1768 1225 1787 1252 ‚
1832 1173 2137 1264 proferat.
2181 1173 2455 1242 Gravius

323 1300 546 1348 autem
595 1281 1010 1374 impegerunt
1045 1283 1168 1347 viri
1211 1279 1450 1348 eruditi
1463 1329 1482 1364 ,
1516 1281 1631 1370 qui
1666 1279 2090 1345 adfirmat-unt
2124 1279 2207 1344 de
2240 1278 2456 1345 Ovidii

327 1381 568 1457 Medea
601 1389 784 1478 loqui
823 1381 1307 1454 Tertullianum*
1341 1386 1426 1452 de
1477 1386 1829 1478 proescript.
1870 1386 2105 1450 Haeret.
2150 1399 2286 1474 cap.
2337 1384 2456 1472 393

327 1494 512 1584 quod
554 1495 786 1558 falsum
835 1517 1006 1577 esse,
1067 1511 1134 1560 et
1171 1493 1404 1559 eodem
1446 1494 1516 1556 in
1566 1493 1712 1556 loco
1764 1491 1953 1555 innui
1999 1492 2170 1554 hano
2212 1491 2457 1580 ipsam,

327 1623 524 1687 quam
551 1621 730 1664 nunc
760 1601 952 1688 primi
981 1601 1298 1690 integram
1336 1581 1773 1687 publicamus,
1806 1595 2136 1677 Medeam,
2176 1618 2211 1660 e
2242 1609 2463 1660 cento-

329 1709 525 1772 nibus
567 1707 932 1796 Virgilianis
994 1707 1450 1795 compositam,
1498 1725 1856 1792 verumque
1922 1703 2059 1784 ejus
2127 1719 2461 1767 auctorem

328 1832 470 1878 esse
509 1813 800 1878 Osidt‘tcm
831 1814 936 1876 vel
970 1812 1300 1896 Hosidium
1343 1810 1607 1893 Getam,
1648 1799 1763 1897 qui
1812 1831 1963 1873 cum
2012 1807 2247 1873 Ovidio
2292 1809 2465 1873 inter

327 1919 521 1984 Getas
554 1919 888 1983 exsulante
919 1919 1232 1982 confusus
1265 1933 1389 1999 est,
1422 1915 1781 1998 constabit,
1827 1915 1882 1980 si
1918 1916 2056 2004 ipsa
2082 1912 2462 1978 Tertulliani

327 2022 524 2088 verba
558 2021 1018 2088 adscribamus,
1053 2023 1149 2087 Ita
1181 2023 1356 2086 enim
1387 2021 1537 2098 ille:
1578 2051 1603 2078 οι
1628 2020 1822 2086 Vides
1854 2019 2053 2120 hlodie
2090 2043 2169 2084 ex
2194 2018 2468 2109 Virgilio

323 2127 612 2192 fabulam
645 2129 712 2192 in
751 2143 963 2192 totum
999 2128 1186 2191 aliam
1227 2128 1577 2216 componi,
1621 2113 1881 2192 materia
1923 2124 2284 2190 secundum
2320 2147 2465 2190 ver·

327 2255 474 2315 sus,
527 2232 820 2297 versibus
877 2231 1240 2297 secundum
1299 2233 1631 2296 materiam
1695 2231 2117 2296 concinnatis.
2148 2229 2468 2318 -Denique

329 2337 642 2403 Hosidius
693 2338 854 2404 Geta
903 2336 1200 2403 Medeam
1252 2335 1628 2428 tragoediam
1677 2359 1757 2402 ex
1778 2337 2050 2427 Virgilio
2094 2335 2464 2426 plenissime

328 2446 630 2512 exsuxit:
681 2468 864 2510 meus
911 2446 1175 2535 quidam
1211 2446 1621 2535 propinquus
1664 2468 1744 2509 ex
1777 2443 2010 2509 eodem
2060 2460 2253 2533 poeta
2294 2445 2467 2508 inter

329 2566 559 2616 caetera
609 2552 755 2640 styli
808 2552 910 2614 sui
964 2552 1094 2616 otia
1143 2552 1446 2615 Pinacem
1477 2550 1733 2615 Cebetis
1782 2550 2109 2638 explicuit.
2144 2552 2467 2615 Homero·-

332 2658 664 2721 Centones
699 2658 892 2721 etiam
933 2657 1148 2721 vocari
1191 2658 1431 2737 solent,
1464 2656 1579 2744 qui
1626 2644 1708 2719 de
1758 2654 2151 2719 carminibus
2198 2654 2468 2719 Homeri

331 2762 595 2851 propria
629 2784 826 2850 opera
865 2778 1044 2826 more
1077 2748 1455 2826 centonario
1490 2782 1567 2825 ex
1602 2761 1824 2825 multis
1852 2758 2181 2824 hincinde
2210 2782 2472 2848 compo-

165 2920 172 2925 .
221 2938 228 2941 ,
331 2868 470 2931 sitis
511 2867 582 2931 in
632 2887 838 2931 unum
883 2868 1169 2932 sarciunt
1211 2888 1448 2957 corpus
1473 2878 1527 2931 ».'
1579 2868 1743 2950 Quae
1788 2866 2015 2931 ultima
2060 2864 2471 2953 descripsisse

333 2972 402 3036 in
428 2972 864 3037 vocabulario
895 2996 1016 3037 suo
1053 2974 1350 3063 Papiam,
1405 2974 1522 3037 uhi
1578 2972 1661 3037 de
1705 2972 2092 3038 centonibus
2146 2972 2276 3062 agit
2313 2968 2467 3059 (vid.
2568 2998 2585 3029 ι

333 3078 535 3145 anth.
571 3080 789 3145 Burm.
825 3079 938 3143 lib.
959 3081 1024 3157 Ι,
1068 3100 1171 3168 ep.
1205 3088 1328 3166 17⁰0
1349 3126 1368 3161 ,
1393 3078 1602 3165 init),
1630 3080 1751 3143 nisi
1778 3079 1993 3168 potius
2028 3102 2100 3143 ea
2134 3100 2254 3169 pro
2290 3097 2477 3141 more

336 3185 783 3274 compilaverit
809 3208 888 3249 ex
921 3181 1074 3250 Isid.
1114 3185 1292 3273 Orig.
1331 3185 1444 3250 lib.
1480 3184 1548 3267 Ι,
1584 3208 1721 3275 oep.
1749 3185 1867 3267 38,
1896 3186 2064 3250 circa
2098 3180 2330 3265 finem,
2354 3180 2469 3248 ubi

336 3290 528 3380 plane
566 3291 791 3355 eadem
830 3302 1222 3373 occurrunt,
1275 3308 1341 3355 et
1385 3292 1455 3355 in
1507 3292 1871 3382 fragmento
1916 3290 2064 3371 MS,
2100 3290 2280 3379 quod
2313 3291 2471 3355 olim

339 3396 411 3460 P.
437 3396 751 3478 Danielis,
781 3396 1016 3462 deinde
1041 3396 1124 3462 N.
1162 3396 1410 3460 Heinsii
1447 3396 1611 3479 fuit,
1632 3397 1792 3486 ,pari
1832 3399 2089 3477 errore,
2130 3420 2264 3484 quo
2296 3395 2473 3485 apud

337 3502 627 3591 Papiam,
682 3503 917 3593 legitur
979 3536 1005 3560 οι
1028 3524 1212 3568 more
1271 3504 1743 3569 centenario...
1792 3503 1861 3565 in
1922 3524 2129 3567 unum
2187 3502 2475 3569 sarciunt
2512 3546 2528 3560 ι

339 3627 580 3697 corpus
611 3640 668 3691 n,
706 3630 827 3698 pro
883 3640 908 3665 α
935 3622 1117 3673 more
1157 3609 1539 3674 centonario
1588 3608 1959 3673 sarciuntur
1984 3639 2031 3671 n.
2060 3607 2243 3672 Patet
2278 3608 2483 3697 igitur
2594 3686 2603 3693 ·

338 3712 812 3778 Tertullianum
852 3736 1212 3779 memorare
1245 3713 1543 3779 Medeam
1586 3714 1756 3778 hanc
1804 3711 2175 3803 tragoediam
2195 3762 2214 3797 ,
2264 3736 2298 3777 e
2330 3720 2478 3779 vei·-

341 3818 522 3881 sibus
555 3818 926 3909 virgilianis
959 3819 1234 3884 artificio
1271 3818 1652 3909 centonario
1688 3820 2175 3902 concinnatam,
2209 3816 2479 3907 ejusque

343 3929 685 3988 auctorem'
715 3948 854 3990 esse
887 3924 1232 3990 Hosidium
1271 3924 1501 3989 Getam
1523 3974 1543 4007 ,
1592 3925 1755 3990 male
1791 3949 1941 3991 cum
1984 3924 2218 3991 ovidio
2257 3924 2482 3989 confu-

345 4050 492 4096 sum
509 4077 528 4112 ,
562 4032 712 4118 quia
748 4032 918 4095 illius
955 4030 1327 4121 tragoediam
1371 4027 1672 4095 Medeam
1722 4032 2035 4097 exstitisse
2077 4032 2229 4096 olim
2276 4052 2476 4094 nove·

347 4152 526 4221 rant,
563 4136 679 4201 sed
713 4160 860 4227 quae
903 4133 1193 4202 versibus
1240 4136 1531 4201 iambicis
1570 4139 1931 4226 conscripta
1970 4138 2165 4203 fuisse
2200 4134 2477 4211 videtur,
