2964 4690
810 362 943 431 AD
993 361 1479 432 SYMPOSII
1528 360 2095 433 AENIGMATA.
2361 362 2494 435 301

382 512 549 580 que,
584 506 662 555 ut
691 488 1027 555 Manutius
1058 505 1125 554 et
1160 490 1408 579 Popma
1438 506 1714 555 monent
1733 538 1752 573 ,
1789 491 1862 557 P.
1895 491 2183 556 Sextium
2203 537 2223 573 ,
2255 489 2510 558 amicis·

382 598 625 663 simum
654 596 983 677 Ciceronis
1000 642 1019 678 ‚
1052 594 1167 683 qui
1200 593 1355 659 olim
1390 595 1794 660 tribunatum
1823 617 1946 684 pro
1973 596 2178 661 salute
2206 596 2343 678 ejus
2372 620 2511 688 ges-

384 719 588 785 serat,
620 702 705 765 ab
738 723 949 789 eoque
984 700 1279 765 oratione
1316 699 1622 765 defensus
1641 750 1660 786 ,
1699 716 1764 765 et
1795 723 1978 767 nunc
2009 724 2160 767 cum
2197 704 2510 794 Pompeio

386 824 547 874 erat.
590 808 919 891 Quoniam
954 828 1109 873 vero
1142 806 1325 871 hunc
1356 806 1647 871 Sextium
1681 830 1836 872 cum
1863 808 2158 873 amicitiae
2189 807 2510 898 significa·

384 914 563 979 tione
592 928 873 978 nostrum
900 928 1120 995 vocat,
1154 935 1291 977 non
1320 912 1582 978 videtur
1605 913 2004 1001 proverbiale
2035 913 2196 978 illud
2232 921 2510 986 σηστιῦδις

382 1019 466 1083 ab
504 1019 700 1099 hujus
738 1021 1006 1083 nomine
1034 1018 1323 1108 primum
1348 1008 1650 1101 duxisse,
1684 1016 1802 1083 sed
1833 1020 2115 1084 nominis
2155 1017 2294 1099 ejus
2327 1042 2512 1085 men-

382 1128 565 1191 tione
608 1126 965 1191 adductum
985 1174 1005 1209 ,
1050 1126 1467 1215 proverbium
1491 1175 1512 1209 ,
1557 1127 1708 1191 alias
1745 1127 1826 1192 ab
1864 1149 1934 1191 se
1968 1142 2390 1216 usurpatum,
2427 1128 2512 1193 ad

381 1232 563 1298 hunc
593 1233 881 1299 Sextium
912 1230 1293 1321 adplioesse,
1330 1248 1409 1298 ut
1438 1231 1718 1316 diceret,
1737 1234 2048 1323 poenitere
2067 1256 2134 1298 se
2153 1234 2352 1298 Sextii
2373 1235 2508 1317 sui,

382 1338 567 1427 quod
614 1338 777 1402 male
822 1336 985 1403 adeo
1028 1360 1129 1403 res
1173 1360 1211 1402 a
1250 1338 1562 1427 Pompeio
1607 1337 1936 1403 mandatas
1967 1338 2368 1427 exposuisset
2382 1385 2402 1421 ,
2433 1355 2512 1402 ut

381 1444 727 1508 convenire
758 1444 827 1508 in
860 1466 1013 1509 eum
1048 1444 1465 1533 proverbium
1505 1442 1584 1509 de
1616 1441 1804 1509 dictis
1835 1444 2146 1509 Sextianis
2175 1443 2507 1509 videatur:

382 1570 601 1613 revera
646 1550 823 1613 enim
870 1564 1001 1613 tam
1054 1549 1295 1614 insulse
1318 1596 1336 1631 ‚
1394 1564 1524 1613 tam
1587 1548 1802 1613 minus
1853 1565 2002 1636 apte
2067 1570 2188 1638 pro
2255 1550 2509 1613 ratione

380 1676 619 1718 mussae
650 1669 716 1718 et
747 1654 1050 1743 gravitate
1078 1653 1171 1717 rei
1195 1654 1582 1742 scripsisset,
1619 1670 1694 1717 ut
1719 1652 2060 1718 adfirmare
2084 1654 2316 1741 possit,
2347 1653 2510 1717 nihil

380 1782 694 1849 umquam
736 1782 805 1824 se
844 1759 1069 1849 legisse
1102 1757 1734 1848 magis-Senianum.
1769 1758 1856 1822 Et
1886 1757 1970 1822 ad
2005 1758 2288 1846 priorem
2327 1758 2510 1823 Cice·

380 1866 557 1930 mnis
600 1866 815 1930 locum
854 1864 1147 1955 inprimis
1189 1864 1536 1952 anquisivit
1578 1864 1751 1929 Petr.
1793 1863 2119 1929 Victorius
2144 1912 2163 1946 ,
2210 1864 2508 1953 quisnam

380 1972 487 2037 ille
530 1972 783 2037 Sextius
815 1971 1046 2053 fuerit,
1090 1971 1277 2052 cujus
1326 1968 1496 2035 dicta
1537 1971 1626 2035 ita
1670 1970 1914 2034 insulsa
1946 1986 2161 2034 essent
2181 2018 2199 2047 ,
2238 1987 2316 2034 ut
2345 1992 2508 2058 pro-

380 2076 604 2142 verbio
632 2076 851 2142 locum
891 2076 1180 2141 fecerint.
1219 2076 1303 2140 Et
1332 2074 1718 2165 suspicatur,
1753 2075 1939 2139 illum
1975 2074 2276 2163 intelligi,
2313 2097 2508 2163 quem

378 2192 797 2281 politissimus
832 2207 1025 2280 poeta
1056 2189 1345 2255 Catullus
1374 2205 1440 2256 et
1472 2190 1611 2278 ipse
1647 2188 1897 2254 deridet
1917 2239 1937 2272 ,
1983 2204 2048 2253 et
2093 2210 2312 2253 secum
2356 2212 2506 2277 pes-

380 2299 543 2364 sime
572 2314 791 2364 actum
832 2296 1060 2381 tradit,
1096 2296 1277 2387 quod
1310 2296 1446 2378 ejus
1475 2296 1745 2362 conviva
1778 2317 1917 2361 esse
1952 2295 2267 2378 voluerit3
2300 2318 2507 2384 quum

380 2405 448 2468 in
488 2406 662 2470 illius
705 2406 937 2494 scripta
968 2403 1299 2485 inciderit,
1331 2425 1477 2491 quae
1511 2417 1767 2466 tantum
1809 2402 2113 2467 morbum
2153 2417 2418 2490 repente
2445 2403 2508 2466 ei

382 2511 830 2596 conciliarent,
864 2528 940 2577 ut
965 2513 1072 2576 vix
1102 2512 1169 2574 in
1203 2510 1480 2599 agellum
1510 2531 1703 2574 suum
1737 2509 2153 2600 confugiens,
2183 2525 2380 2598 atque
2415 2509 2506 2572 ibi

380 2641 452 2684 se
479 2618 820 2710 diligenter
851 2640 1084 2684 curans
1104 2665 1122 2700 ,
1152 2615 1336 2682 illum
1371 2615 1610 2705 pellere
1639 2615 1966 2703 potuerit:

579 2789 585 2798 ·
660 2775 793 2828 Nam
825 2773 1105 2828 Sextianus
1134 2771 1263 2826 dum
1292 2771 1415 2826 volo
1440 2789 1552 2826 esse
1575 2769 1802 2824 conviva
1820 2772 1913 2839 (1).

379 2933 685 2999 Adsensit
722 2934 879 2998 huic
909 2933 1179 2997 Victorii
1210 2931 1508 3020 opinioni
1547 2951 1760 3017 nuper
1791 2929 1860 2991 in
1895 2947 2064 2991 nova
2094 2925 2326 2990 Catulli
2367 2923 2506 2990 edi-

379 3041 558 3105 tione
586 3039 699 3102 Vir
730 3038 896 3103 Clar.
922 3039 1031 3102 Fr.
1062 3037 1187 3103 Gu.
1225 3035 1636 3124 Doeringius.
1673 3035 1760 3098 At
1793 3031 1953 3096 mihi
1983 3031 2236 3095 Sextius
2270 3030 2375 3095 ille
2402 3031 2508 3095 vix

378 3146 531 3210 satis
562 3161 750 3234 aptus
776 3143 1121 3233 proverbio
1153 3141 1237 3206 de
1263 3141 1451 3206 dictis
1477 3139 1792 3205 Sextianis
1819 3135 2202 3202 declarando
2225 3135 2505 3219 videtur,

381 3250 495 3338 qui
524 3249 779 3314 Catullo
810 3247 1050 3313 dieitur
1080 3247 1437 3312 orationem
1472 3247 1541 3310 in
1575 3246 1840 3310 Antium
1867 3243 2212 3332 petitorem
2246 3241 2509 3329 pestife-

380 3377 516 3418 ram
562 3369 629 3418 et
665 3369 1047 3418 venenatam
1087 3351 1313 3441 legisse
1331 3399 1350 3433 ,
1393 3339 1463 3414 in
1501 3372 1628 3439 qua
1673 3350 1942 3414 fortasse
1985 3361 2114 3410 tam
2159 3345 2406 3436 frigidis
2443 3360 2510 3410 et

378 3459 463 3524 ad
510 3480 798 3523 caussam
848 3457 1249 3548 probandam
1296 3452 1532 3542 ineptis
1580 3452 1976 3543 argumentis
2025 3472 2182 3515 usus
2225 3467 2395 3531 erat,
2431 3465 2509 3513 ut

380 3564 670 3630 Catullus
706 3563 859 3628 inde
900 3561 1135 3652 frigida
1170 3557 1514 3652 gravedine
1558 3573 1623 3623 et
1663 3557 2005 3644 frequente
2047 3554 2208 3618 tussi
2241 3575 2508 3643 quassa·

378 3687 578 3736 retur.
617 3669 840 3734 Oratio
872 3669 1070 3758 igitur
1106 3669 1301 3749 hujus
1342 3665 1538 3730 Sextii
1569 3679 1705 3728 erat
1730 3678 2078 3752 perpetua,
2107 3682 2144 3725 e
2169 3661 2508 3725 sententiis

378 3793 447 3842 et
486 3777 882 3866 argumentis
930 3774 1167 3863 ineptis
1214 3773 1508 3838 conferta
1541 3792 1558 3836 t
1607 3769 1784 3834 dicta
1825 3769 2142 3834 'Sextiam
2183 3766 2508 3832 Ciceronis

378 3883 723 3970 singularia
750 3899 817 3947 et
841 3881 1059 3946 brevia
1092 3879 1355 3945 dicteria
1372 3925 1392 3961 ,
1420 3878 1564 3959 jooe
1593 3891 1660 3940 et
1691 3875 1947 3940 facetias
1981 3873 2218 3962 passim
2247 3872 2508 3952 jactatas

375 4110 399 4151 ι
450 4080 527 4148 (ι)
562 4077 799 4132 Catullus
820 4115 837 4142 ,
866 4079 1041 4132 Carm.
1076 4075 1273 4142 XLIV,
1304 4091 1385 4127 ιο.
