2964 4690
475 333 614 404 380

1272 339 1795 408 SYMPOSII

1026 573 1383 641 XXXIX.
1433 571 2057 642 GENTAURUS.

575 775 976 862 QUATTUOR
1014 774 1292 868 insignis
1328 774 1643 868 pedibuS‚
1684 772 2120 866 manibusque
2156 771 2453 856 duabus»,

577 883 933 954 Dissimilis
967 885 1130 953 mihi
1169 910 1348 973 sum,
1386 885 1545 979 quia
1578 908 1725 954 sum
1762 907 1899 952 non
1938 906 2111 952 unus
2140 896 2209 952 et
2242 906 2447 966 unus3

583 996 670 1062 Et
711 995 920 1063 vehor
958 1009 1024 1064 et
1062 995 1356 1090 gradior,
1392 994 1553 1089 quia
1591 1019 1697 1062 me
1734 991 1869 1062 duo
1902 1017 2184 1086 corpora
2220 1005 2513 1087 portant.

565 1186 606 1220 1.
637 1173 879 1236 Quattuor
905 1171 1114 1239 insignis
1136 1172 1340 1238 pedibus
1353 1209 1370 1236 ,
1405 1189 1511 1221 ma-

489 1249 728 1316 nibusque
778 1251 984 1302 duabus.
1039 1251 1339 1304 Centaurus
1387 1249 1511 1303 insi-

489 1328 607 1400 gnis
635 1365 652 1392 ,
713 1327 772 1381 id
827 1340 904 1382 est
924 1366 941 1391 ,
1003 1329 1108 1384 hoc
1161 1331 1310 1404 quasi
1361 1330 1514 1402 signo

492 1407 744 1460 notabilis
793 1420 845 1462 et
893 1408 1170 1465 distinctus
1220 1430 1254 1464 a
1296 1410 1513 1480 reliquis

487 1485 922 1558 quadrupedibus
962 1503 1040 1544 est
1057 1531 1073 1554 ,
1103 1491 1249 1564 quod
1299 1505 1519 1559 quatuor

485 1567 690 1632 pedibus
717 1566 874 1621 simul
900 1580 952 1622 et
977 1575 1168 1624 duabus
1186 1575 1411 1624 manibus
1437 1581 1517 1625 est

497 1641 762 1713 preditus.
791 1645 996 1701 Vocem
1033 1653 1244 1719 insignis
1269 1651 1518 1705 monstris

497 1719 835 1792 designandis
852 1725 1093 1780 adhiberi
1109 1729 1276 1783 solere
1291 1768 1307 1795 ,
1319 1730 1523 1784 notavit

502 1799 574 1852 ad
597 1799 708 1852 h.l.
737 1801 1030 1857 Buneman.
1049 1808 1273 1872 Quintil.
1299 1810 1342 1870 1,
1379 1829 1426 1876 1,
1451 1830 1479 1863 2
1508 1825 1523 1860 ε

506 1905 532 1924 α
555 1878 782 1932 Hebetes
817 1893 866 1934 et
917 1879 1186 1939 indociles
1207 1906 1318 1941 non
1360 1889 1527 1961 magis

505 1957 798 2011 secundum
826 1973 1073 2016 naturam
1099 1965 1331 2020 bominis
1355 1968 1528 2022 edun-

508 2050 613 2100 tur,
653 2055 814 2110 quam
848 2041 1145 2114 prodigiosa
1183 2064 1438 2118 corpora,
1475 2060 1532 2100 et

508 2119 756 2171 monstris
774 2119 998 2190 insignia
1009 2126 1357 2192 ·.—Curtius,
1371 2127 1468 2193 IX,
1487 2146 1510 2180 1
1519 2166 1534 2192 ‚

515 2197 579 2268 s5
603 2215 618 2250 ε
649 2198 745 2251 «si
767 2217 900 2270 quos
927 2201 1230 2274 (infantes)
1270 2207 1532 2280 insignes,

513 2287 607 2330 aut
632 2278 811 2351 aliqua
837 2284 1198 2339 membrorum
1225 2301 1378 2360 parte
1407 2288 1533 2342 inu-

516 2357 631 2413 tiles
657 2372 980 2416 notaverunt
995 2406 1011 2433 ,
1035 2367 1216 2421 necari
1239 2368 1428 2441 jubent
1446 2395 1488 2423 n.

594 2457 644 2490 2.
672 2443 799 2505 Quia
823 2462 924 2493 non
940 2464 1045 2496 sum
1063 2465 1189 2497 unus
1206 2462 1256 2499 et
1271 2450 1397 2501 idem
1416 2449 1534 2502 Per.

518 2519 638 2585 qnia
681 2538 782 2571 non
830 2540 938 2573 sum
978 2544 1105 2580 unus
1154 2542 1204 2579 et
1238 2548 1362 2580 umas
1402 2528 1538 2583 Pith.

522 2599 641 2662 quia
665 2616 772 2649 sum
791 2618 892 2652 non
918 2622 1046 2655 untes
1075 2618 1126 2657 ee
1148 2626 1274 2658 unus
1303 2607 1445 2661 Cast.
1471 2639 1542 2651 —

521 2681 636 2727 Seme
653 2698 754 2731 non
782 2700 909 2733 unus
929 2696 977 2733 ee
999 2702 1144 2739 unus.
1163 2684 1372 2759 Nempe
1398 2680 1547 2764 wius,

523 2758 648 2828 quia
677 2776 843 2812 unum
874 2762 1096 2825 animal,
1121 2784 1222 2816 non
1243 2786 1399 2831 unus,
1418 2768 1544 2839 quia

523 2854 590 2889 ex
611 2838 830 2891 homine
847 2850 898 2893 et
911 2859 1052 2913 equo
1067 2846 1406 2916 compositus.
1424 2846 1547 2899 Ovi-

527 2915 618 2970 dio
665 2915 881 2983 dicitur,
917 2920 1046 2975 Met.
1089 2922 1199 2975 XII
1213 2960 1229 2985 ,
1285 2926 1388 2996 478
1403 2963 1419 2989 ,
1465 2929 1552 2978 vir

527 3017 652 3065 equo
671 3001 968 3052 commissus.
990 3000 1163 3067 Idem,
1191 3005 1306 3057 Am.
1325 3006 1376 3069 I,
1400 3012 1455 3072 4,
1487 3007 1549 3069 8,

530 3077 823 3139 Centauros
861 3079 992 3134 dicit
1031 3086 1286 3151 ambiguos
1318 3086 1478 3149 viros,
1499 3095 1552 3136 et

530 3175 760 3228 quorum
787 3179 912 3227 equo
935 3164 1146 3213 membru
1169 3166 1433 3217 eoboerent.

605 3238 654 3289 3.
668 3242 733 3288 Ee
743 3242 902 3290 vehor
915 3242 1199 3308 etgrade'or.
1224 3246 1406 3309 rebor,
1423 3244 1553 3315 quia

534 3316 654 3383 equi
670 3354 685 3379 ,
705 3321 934 3384 gradior,
969 3320 1092 3390 quis
1133 3322 1365 3375 hominis
1399 3320 1555 3373 simul

537 3392 700 3463 pedes
737 3409 877 3448 sunt.
918 3400 1105 3472 Vin-gil.
1135 3404 1258 3461 ΑΕΒ.
1295 3400 1370 3463 V,
1409 3400 1507 3471 571
1540 3420 1556 3452 z

534 3498 558 3519 .-
573 3473 808 3529 invectus
818 3494 1002 3548 equon.
1015 3479 1181 3533 Ovid.
1193 3481 1434 3533 Art.Am.
1449 3480 1555 3541 111,

543 3555 648 3623 776
683 3569 698 3605 τ
749 3580 776 3598 κ
795 3554 968 3609 Parva
993 3558 1219 3611 vehatur
1253 3578 1394 3631 equo
1412 3583 1452 3611 ι.
1491 3590 1563 3600 -

545 3638 704 3699 Quum
715 3652 792 3685 me
797 3638 896 3685 deco
905 3654 1108 3705 corpora
1111 3652 1320 3707 ponant
1329 3638 1393 3692 Α.
1414 3660 1563 3708 quum

543 3732 622 3763 me
638 3714 736 3763 duo
757 3732 964 3781 eorpom
978 3730 1173 3783 ponent
1185 3718 1330 3771 Pith.
1349 3732 1402 3772 et
1421 3720 1563 3775 Cast-

545 3794 676 3859 Qm‘a
693 3811 772 3844 me
787 3796 886 3843 duo
897 3814 1103 3863 corpora
1117 3813 1338 3865 ponant.
1358 3798 1445 3852 Sic
1459 3800 1567 3852 Lu·

543 3872 762 3939 cretius,
795 3872 864 3938 V,
892 3873 996 3935 880
1017 3892 1124 3947 seq.
1152 3878 1448 3945 Centauros
1467 3877 1563 3931 de·

543 3950 725 4004 scribit
749 3950 908 4007 simul
931 3963 984 4005 et
1005 3954 1194 4009 refutat
1229 3973 1244 4009 ε
1291 3982 1316 4002 ιι
1337 3955 1444 4010 sed
1477 3975 1568 4009 ne-

1599 1186 1707 1240 que
1742 1166 1997 1221 Centauri
2025 1167 2265 1232 suerunt,
2292 1183 2465 1238 neque
2488 1176 2622 1218 tem-

1598 1267 1732 1322 pore
1753 1247 1811 1299 in
1828 1247 1941 1301 ullo
1965 1248 2090 1300 Esse
2114 1258 2275 1318 queat
2299 1244 2503 1316 duplici
2526 1262 2623 1297 na·

1600 1341 1721 1382 tura
1739 1339 1791 1382 et
1816 1346 2039 1400 corpore
2058 1327 2189 1381 bino
2208 1326 2295 1380 Ex
2309 1323 2625 1395 alienigenis

1602 1406 1857 1461 membris
1882 1417 2156 1476 compacta
2179 1417 2407 1478 potestas
2420 1427 2463 1457 ι.
2485 1403 2627 1456 Hine

1607 1490 1883 1540 bimembres
1922 1498 2180 1540 vocantur
2218 1483 2439 1554 Virgilio
2452 1519 2469 1544 ,
2498 1484 2625 1536 AEn.

1603 1568 1771 1632 VIII,
1801 1567 1921 1634 293,
1939 1576 1994 1619 et
2011 1563 2237 1630 Ovidio,
2264 1563 2393 1618 Her.
2426 1563 2480 1615 11
2496 1601 2513 1626 ,
2534 1580 2629 1633 71,

1606 1647 1722 1698 Am.
1750 1646 1828 1705 11,
1858 1662 1953 1708 η,
1986 1663 2069 1714 19.
2096 1643 2376 1706 Manilius,
2412 1641 2505 1693 lib.
2528 1641 2633 1702 lv,

1608 1743 1745 1780 vers.
1772 1724 1904 1790 230,
1943 1725 2075 1778 dixit
2098 1741 2113 1776 :
2144 1750 2169 1769 ι
2189 1723 2360 1774 bifero
2380 1718 2637 1773 Centauri

1612 1823 1837 1876 corpore
1858 1829 1898 1855 ·.
1930 1835 2000 1846 -
2024 1801 2270 1856 Semiviri
2304 1818 2521 1872 quoque
2558 1799 2639 1851 di·

1612 1895 1807 1937 cuntur
1875 1883 2126 1937 Centauri
2155 1919 2172 1946 ,
2255 1893 2315 1934 ut
2387 1880 2590 1933 Chimn
2618 1918 2637 1944 ,

1615 1963 1707 2036 qui
1730 1963 2023 2015 arcitenens
2050 1973 2157 2026 est,
2188 1959 2385 2014 ovidio
2406 1959 2550 2011 Fast.
2566 1959 2642 2020 V,

1620 2043 1723 2097 380
1754 2058 1769 2096 2
1812 2068 1835 2090 ι
1862 2052 2066 2114 promet
2101 2060 2196 2094 sua
2238 2039 2409 2094 sidera
2435 2039 2641 2092 Chiron

1618 2121 1870 2188 Semivir,
1918 2134 1968 2174 et
2017 2119 2143 2174 flavi
2186 2138 2409 2191 corpora
2442 2117 2645 2171 mixtus

1622 2201 1746 2272 equi
1768 2227 1824 2267 -‚
1858 2197 1951 2252 ubi
1991 2201 2205 2254 semifer
2240 2199 2361 2252 alii:
2398 2210 2460 2252 ut
2490 2196 2642 2269 apud

1620 2280 1842 2336 Statium
1857 2279 2010 2341 ,si1v.
2035 2280 2107 2347 11,
2125 2298 2172 2341 1,
2198 2280 2288 2351 89,
2307 2277 2474 2332 edidit
2494 2277 2648 2330 Mar-

1620 2358 1867 2427 klandus,
1885 2384 1907 2406 ι
1924 2359 2149 2413 Semifer
2162 2359 2463 2413 AEmonium
2475 2358 2651 2411 viuce-

1621 2441 1711 2493 bat
1757 2439 1916 2493 Pelea
1960 2439 2163 2493 Chiron
2183 2468 2209 2487 ι·
2232 2458 2248 2503 ;
2302 2437 2446 2511 apud
2488 2436 2651 2490 Ovid.

1627 2519 1794 2592 Epist.
1815 2520 1924 2586 lx,
1950 2526 2043 2584 πάι
2073 2537 2088 2573 ε
2119 2518 2381 2575 -Semivir
2398 2516 2653 2571 occubuit

1628 2600 1684 2653 in
1725 2598 1971 2653 lethifero
2008 2600 2192 2654 Eveno
2238 2599 2506 2660 Nessus-3
2558 2596 2653 2649 ubi

1630 2678 1856 2743 Nessus,
1880 2678 2179 2731 Centaurus
2212 2677 2479 2743 biformis,
2511 2685 2656 2729 reete

1632 2760 1825 2810 semivir
1854 2756 2077 2826 dicitur,
2103 2769 2162 2811 ut
2190 2756 2385 2829 passim
2417 2755 2486 2809 de
2520 2755 2660 2809 Cen·

1631 2838 1818 2903 tauris,
1837 2838 2036 2911 quihus
2066 2842 2202 2910 φύσιν
2226 2841 2479 2911 σῦμφωνον
2500 2838 2659 2891 ἵππου

1634 2920 1719 2973 καὶ
1746 2916 1923 2990 ἀνδρὸς
1941 2917 2035 2971 dat
2058 2918 2420 2989 Palaephatus,
2459 2914 2527 2968 de
2560 2914 2658 2967 ln-

1638 2994 1781 3051 cred.
1806 3016 1923 3070 cap.
1958 3016 1986 3050 s
2008 3034 2023 3061 ,
2055 3009 2108 3050 et
2132 3016 2197 3051 ex
2226 3016 2293 3051 eo
2324 2994 2662 3067 Apostolius,

1639 3087 1775 3128 cent.
1798 3076 1900 3140 xl,
1918 3075 2168 3129 Proverb.
2190 3074 2287 3129 Gr.
2306 3078 2337 3143 S
2360 3074 2448 3129 33.
2468 3074 2669 3127 Emnt

1636 3154 1822 3226 igitur,
1856 3155 1949 3227 qui
1982 3156 2038 3207 in
2076 3168 2305 3229 utroque
2324 3152 2505 3207 Ovidii
2542 3152 2667 3205 loeo

1640 3228 1932 3306 proferunt
1975 3236 2201 3304 semifer,
2264 3246 2318 3288 et
2351 3252 2383 3285 a
2411 3233 2531 3301 jem
2566 3249 2671 3305 pro

1642 3329 1782 3383 equo
1800 3309 2093 3366 deducunt.
2108 3313 2265 3366 Certe
2286 3314 2341 3365 in
2362 3312 2529 3366 altero
2548 3310 2672 3363 loco

1642 3391 1849 3459 Semifer·
1860 3396 2046 3443 Nessus
2067 3404 2118 3447 et
2143 3394 2337 3461 lethifer,-
2358 3398 2549 3443 Eventu
2578 3408 2671 3462 pa·

1647 3486 1767 3521 rum
1786 3472 2048 3526 concinne
2074 3492 2182 3527 uno
2204 3471 2500 3543 eodemque
2517 3487 2677 3523 versu

1649 3550 2067 3621 conjunguntur.
2096 3552 2257 3625 Apud
2287 3552 2471 3606 Senec.
2508 3550 2677 3602 Here.

1649 3628 1779 3682 OEt.
1807 3636 1910 3701 470
1930 3670 1947 3697 ,
1986 3631 2157 3687 editur
2196 3632 2358 3704 vulgo
2392 3629 2461 3683 de
2488 3626 2681 3681 eodem

1650 3708 1849 3761 Nesso:
1878 3710 2118 3766 «Cruor-e
2143 3710 2305 3765 tincta
2329 3722 2405 3763 est
2430 3706 2569 3779 palla
2598 3724 2685 3758 se-

1654 3785 1859 3855 miferi,
1884 3802 2112 3862 pater-3
2138 3802 2257 3845 etv.
2278 3792 2414 3859 966:
2450 3812 2476 3831 -ι
2500 3786 2682 3839 Proh!

1653 3868 1816 3927 Nesse
1835 3870 1991 3926 fallax
2005 3910 2022 3937 ,
2038 3883 2198 3945 atque
2220 3866 2449 3929 semiferi
2468 3864 2581 3921 doli
2605 3866 2620 3918 l
2655 3890 2682 3915 ι

1655 3968 1709 4013 et
1735 3950 1883 4007 alibi.
1904 3952 2006 4005 En.

1331 4072 1905 4104 -ψ-
