2964 4690
776 407 911 475 AD
962 405 1440 475 SYMPOSII
1491 404 2058 475 AENIGMATA.
2339 424 2474 497 297

352 534 845 622 Aristonymum
896 533 1459 598 Psilocitharistam
1489 580 1508 615 ‚
1557 548 1624 597 et
1677 532 1984 597 Cleonem
2013 581 2032 615 ,
2093 530 2476 597 Mimaulum

354 640 747 729 cognomine
762 686 783 723 ‚
818 638 1036 704 laudat
1066 624 1417 705 Athenaeus
1450 638 1564 727 (1).
1599 640 1656 703 E
1679 638 1920 704 Latinis
1953 637 2276 703 veteribus
2301 637 2478 701 solus

352 744 553 811 hodie
584 766 811 809 eorum
832 794 851 828 ,
886 746 1001 834 qui
1034 745 1371 834 aenigmata
1404 744 1798 813 carminibus
1829 744 2076 809 inclusa
2111 759 2180 807 et
2213 742 2478 807 collecta

354 848 763 939 prodiderint
776 898 796 934 ‚
848 868 1143 939 superest
1190 868 1413 916 noster
1456 850 1838 941 symposius
1857 898 1878 933 ,
1914 866 1982 914 et
2025 849 2139 937 qui
2173 863 2478 937 praeterea

354 956 577 1021 similis
620 957 795 1046 genii
833 956 1031 1021 libelli
1048 1004 1067 1038 ,
1101 978 1139 1020 a
1169 957 1502 1021 nonnullis
1533 956 1816 1045 antiquis
1852 955 2106 1043 scripti,
2137 954 2476 1042 reperiun-

354 1076 497 1144 tur,
546 1062 593 1124 ii
636 1083 849 1150 neque
881 1084 1057 1126 mera
1098 1062 1499 1127 continuisse
1529 1062 1864 1151 aenigmata
1895 1059 2229 1142 videntur,
2265 1081 2478 1148 neque

356 1167 545 1231 etiam
581 1166 663 1231 ad
700 1184 988 1233 nostram
1022 1184 1273 1234 aetatem
1306 1170 1540 1233 servati
1587 1183 1759 1234 sunt.
1807 1170 1864 1233 A
1898 1168 2210 1232 Cicerone
2227 1212 2248 1248 ,
2279 1186 2478 1253 quem

354 1273 577 1338 multis
600 1274 801 1338 facete
832 1290 899 1338 et
918 1274 1137 1361 jocose
1168 1273 1356 1340 dictis
1378 1275 1772 1340 celebratum
1797 1296 1937 1339 esse
1965 1287 2220 1338 constat
2239 1319 2258 1353 ,
2275 1270 2475 1360 jocu-

354 1377 553 1443 larem
602 1379 951 1468 quemdam
995 1378 1271 1445 libamem
1319 1381 1634 1470 scriptum
1683 1402 1822 1446 esse
1839 1428 1860 1463 ,
1903 1394 2174 1445 testatur
2209 1376 2476 1461 Quinti-

352 1482 559 1549 lianus
592 1484 685 1573 (α)
709 1533 728 1567 ,
767 1506 845 1549 ex
874 1507 1083 1573 eoque
1113 1484 1235 1551 hos
1266 1484 1435 1551 duos
1466 1508 1692 1551 versus
1723 1483 1990 1551 adducit
2017 1509 2034 1550 ε

627 1652 875 1708 Fundum
902 1655 1078 1708 Varro
1107 1669 1288 1721 vocnt,
1314 1674 1473 1728 quem
1501 1660 1694 1725 possim
1721 1654 1930 1708 mittere
1956 1651 2150 1718 funda,

701 1742 768 1794 Ni
792 1754 967 1795 tamen
996 1742 1248 1797 exciderit
1264 1784 1281 1811 ,
1304 1762 1413 1816 qna
1436 1762 1570 1798 cava
1596 1742 1764 1797 funda
1789 1753 1952 1815 patet.

402 1936 495 1999 Ἐ
541 1936 781 2025 quibus
836 1937 1101 2025 quidem
1126 1987 1145 2021 ,
1204 1940 1486 2003 oermina
1539 1962 1694 2004 eum
1741 1938 2136 2018 exhibuisse,
2186 1932 2300 1998 sed
2341 1953 2476 1996 non

352 2041 623 2105 omnino
656 2042 992 2129 aenigmata
1014 2091 1033 2125 ,
1068 2042 1510 2133 intelligimus.
1556 2044 1866 2133 Apuleius
1899 2042 2138 2107 librum
2169 2035 2477 2103 Ludicra-

352 2170 489 2212 rum
533 2163 599 2212 et
649 2148 1029 2239 Gripkorum
1064 2150 1359 2238 reliquit,
1396 2167 1473 2215 ut
1513 2152 1650 2239 ipse
1681 2164 2000 2214 memorat
2039 2146 2170 2235 (3),
2215 2142 2330 2209 sed
2366 2142 2482 2230 qui

352 2267 601 2316 aetatem
648 2273 783 2317 non
834 2255 1145 2320 tulerunt.
1207 2254 1586 2343 Griphorum
1645 2255 1914 2319 unicum
1969 2274 2226 2317 carmen
2275 2262 2482 2313 exstat

353 2359 663 2442 Ausonii,
711 2360 825 2448 qui
870 2361 1183 2449 conjungi
1228 2361 1568 2451 Symposio
1600 2376 1905 2425 meretur.
1939 2361 2291 2424 Auctorem
2323 2353 2481 2418 oeni-

354 2481 643 2553 gmatum
659 2512 678 2547 ,
709 2487 855 2553 qum
882 2465 1307 2554 proponimus
1326 2513 1345 2548 ‚
1369 2467 1661 2554 plerique
1683 2463 2078 2555 Symposium
2099 2463 2443 2528 nominant
2457 2505 2478 2540 ,

353 2591 638 2656 quorum
695 2569 1238 2635 consuetudinem
1286 2593 1408 2636 nos
1459 2570 1725 2659 quidem
1775 2568 2070 2635 deserere
2109 2567 2476 2640 noluimus,

352 2675 472 2738 etsi
502 2675 932 2764 &mphosium
956 2675 1173 2764 potius
1204 2674 1620 2741 scribendum
1653 2695 1789 2740 esse
1803 2724 1822 2758 ,
1857 2675 2042 2740 facile
2073 2697 2112 2738 e
2144 2671 2476 2739 codicibus

352 2779 583 2868 Msptis
604 2829 623 2863 ,
667 2803 742 2846 ac
784 2781 1009 2869 primis
1058 2779 1454 2846 editionibus
1497 2781 1782 2846 Perionii
1826 2797 1894 2846 et
1933 2778 2169 2844 Pithoei
2214 2775 2474 2866 probari

352 2885 556 2973 possit
572 2934 591 2968 ,
626 2887 741 2974 qui
771 2909 910 2951 mm
932 2886 1316 2975 scripturam
1352 2887 1419 2952 in
1453 2887 1644 2952 titulo
1663 2887 1862 2951 libelli
1894 2885 2154 2976 pariter,
2182 2907 2254 2948 ac
2282 2903 2474 2946 versu

355 2991 567 3078 primo
596 2991 856 3080 Prologi
888 3006 1163 3056 servant.
1206 2991 1369 3056 Inde
1410 2991 1785 3082 Sigebertus
1829 2991 2155 3057 Gemblac.
2192 3003 2258 3052 et
2291 2989 2474 3052 Ano·

356 3116 591 3184 nymus
625 3095 1009 3161 Mellicensis
1042 3095 1124 3161 de
1159 3095 1392 3185 Script.
1422 3097 1663 3162 Eccles.
1700 3121 1852 3163 eum
1885 3096 2256 3186 corruptius
2285 3115 2476 3161 voca-

352 3217 511 3266 runt
543 3201 1003 3292 Symphmsium
1016 3250 1039 3282 ‚
1074 3203 1179 3266 alii
1210 3203 1642 3293 Symphon‘um
1656 3253 1675 3287 ,
1715 3204 2216 3294 Symphorosium
2233 3250 2253 3286 ,
2289 3203 2476 3288 Sym-

342 3307 669 3394 phonium.
706 3307 845 3374 Sub
885 3307 1069 3374 Coeliae·
1094 3309 1410 3372 Fit-miani
1428 3308 1783 3400 Symphosii
1825 3309 2093 3374 nomine
2148 3306 2284 3373 duo
2337 3331 2476 3372 car·

356 3412 531 3476 mina
547 3460 566 3493 ,
612 3435 823 3477 unum
868 3413 949 3477 de
993 3413 1237 3495 Licaeore,
1292 3413 1568 3478 alterum
1615 3415 1696 3479 de
1743 3415 2029 3480 Fortuna
2070 3413 2142 3478 P.
2188 3413 2474 3478 Pithoeus

356 3515 559 3582 edidit
598 3517 767 3582 inter
806 3518 1025 3609 Epigr.
1065 3534 1189 3583 vet.
1240 3541 1383 3609 pag.
1438 3521 1522 3586 28
1567 3535 1632 3584 et
1670 3541 1756 3606 29
1795 3518 1950 3586 edit.
1991 3519 2183 3584 Paris.
2223 3541 2474 3608 nosque

354 3623 477 3712 ipsi
498 3623 914 3712 repetivimus
939 3640 1003 3689 et
1025 3624 1482 3691 illustravimus
1501 3627 1671 3691 inter
1695 3627 1922 3716 Lyrica
1937 3675 1956 3709 ,
1986 3649 2169 3692 num.
2188 3626 2280 3691 IV
2301 3643 2367 3692 et
2396 3625 2473 3706 V,

424 3849 501 3919 (ι)
534 3850 651 3905 Lib.
672 3851 722 3906 X
740 3892 755 3918 ,
789 3871 911 3927 cap.
940 3873 1022 3908 so.
1048 3855 1380 3913 nocentiore·
1404 3859 1618 3914 (ἔτισα
1637 3897 1653 3923 ,
1676 3860 2013 3934 οιιίςιιιιωιιι
2042 3873 2282 3916 auctores
2299 3898 2315 3924 ,
2347 3861 2473 3914 vide

355 3937 499 4012 apud
524 3939 733 3996 Fabi-ic.
756 3941 894 3996 Bibl.
912 3941 1007 3997 Gr.
1034 3943 1141 3998 vol.
1168 3945 1253 4010 X,
1278 3965 1333 4019 p.
1354 3947 1473 4016 539.

427 4031 507 4096 (ο)
540 4027 657 4081 Lib.
678 4029 849 4098 vm,
870 4049 989 4102 cap.
1018 4035 1084 4098 6,
1108 4051 1167 4086 n.
1194 4033 1279 4104 73.

428 4115 503 4184 (3)
539 4115 763 4191 Apolog.
783 4135 905 4192 pag.
926 4121 1028 4191 276
1040 4160 1058 4188 ,
1084 4131 1137 4174 et
1162 4119 1357 4176 Florid.
1383 4140 1442 4195 p.
1470 4123 1570 4188 346
1590 4163 1608 4192 ,
1631 4123 1754 4180 edit.
1783 4125 2027 4180 Elmenh.
