2964 4690
509 365 654 465 460'

1181 379 1606 458 HOSIDII
1668 391 1963 458 GETAE

894 506 1253 601 Vitamque
1290 507 1613 603 relinquit
1650 514 1715 580 in
1755 537 1967 582 auras.

998 618 1293 686 Demens
1329 618 1511 696 videt
1546 622 1815 714 agmina
1846 623 2175 691 Pentheus

901 729 1124 819 Caput
1163 751 1200 795 a
1243 729 1501 798 cervice
1534 727 1873 798 revulsum
1896 781 1915 815 ,

995 837 1305 905 incensas
1341 853 1615 932 pectore
1644 854 1892 909 matres
1906 893 1925 926 ‚
2570 865 2639 908 ιιι

911 945 1128 1013 Vocat
1164 929 1432 1040 'agmina
1466 972 1635 1017 saeva
1674 973 2015 1040 sororum,

994 1058 1032 1124 J
1036 1080 1318 1125 uvenem
1358 1082 1655 1152 sparsere
1692 1083 1812 1152 per
1847 1083 2067 1154 agros,

1136 1257 1539 1346 ΜΕΒΕΑ,
1590 1260 2013 1358 ΝΠΤΒΙΧτ

1417 1457 1729 1504 MBDEA.

603 1559 708 1624 En
746 1556 910 1650 quid
945 1555 1116 1652 ago?
1151 1558 1334 1654 vulgi
1365 1587 1515 1655 quae
1548 1587 1678 1632 vox
1716 1564 2017 1658 pervenit
2051 1563 2137 1632 ad
2173 1567 2413 1633 aures?

605 1667 983 1762 Obstupui,
1026 1693 1404 1764 magnoque
1441 1674 1697 1742 irarum
1736 1673 2019 1743 fluctuat
2052 1689 2215 1743 aestu

605 1779 835 1846 Durus
870 1801 1091 1862 amor,
1136 1779 1333 1848 taedet
1371 1781 1516 1852 caeli
1558 1808 1852 1853 convexa
1889 1785 2081 1853 tueri.
2576 1805 2653 1842 ¹⁵⁰

609 1887 780 1973 Quae
821 1889 1009 1981 potui
1049 1889 1328 1960 infelix?
1363 1918 1511 1986 quae
1550 1909 1799 1964 memet
1842 1896 1913 1963 in
1950 1894 2173 1963 omnia
2206 1893 2412 1980 verti,

612 1995 742 2065 Cui
785 1995 1118 2090 pecudum
1154 1997 1380 2088 fihrae,
1416 2001 1552 2071 caeli
1598 2005 1705 2072 oui
1750 2003 1967 2072 sidera
2006 2019 2277 2099 parent,

607 2107 792 2192 Heu,
829 2103 1023 2175 furiis
1058 2108 1325 2178 incensa
1364 2110 1585 2183 feror!
1625 2128 1755 2183 stat
1786 2114 2000 2208 gratia
2035 2114 2215 2184 facti.

515 2282 693 2336 nendo
735 2283 877 2336 Dum
914 2286 1093 2357 cupit,
1120 2300 1172 2340 et
1199 2301 1358 2342 cantu
1384 2303 1537 2344 vocat

518 2366 574 2417 in
603 2366 894 2418 certamina
920 2368 1117 2433 Divos,
1159 2369 1400 2423 Membra
1430 2373 1545 2425 Deo

513 2444 685 2496 victus
731 2464 878 2497 ramo
918 2446 1198 2501 frondente
1234 2450 1541 2522 pependit».

519 2524 632 2576 Cel.
667 2524 1085 2598 Oudendorpius
1119 2546 1196 2583 vs.
1231 2530 1330 2593 154
1348 2571 1364 2596 ,
1393 2532 1543 2585 «Ra-

517 2622 606 2657 mo
629 2604 909 2659 frondente
931 2610 1188 2680 pependit
1199 2610 1342 2675 nael
1362 2609 1541 2663 delen·

514 2682 677 2750 dum,
719 2686 803 2739 vel
827 2698 946 2759 post
967 2706 1100 2741 vers.
1134 2696 1229 2753 141
1267 2709 1280 2742 :
1322 2691 1541 2744 «Ausus

513 2782 568 2817 se
607 2762 822 2817 credere
859 2766 988 2818 caelo
1007 2792 1032 2811 n
1051 2804 1070 2833 ‚
1096 2768 1404 2839 ponendum
1435 2768 1543 2822 exi·

514 2842 774 2896 stimnbat.

593 2923 710 2987 145.
747 2929 992 2977 Incensos
1023 2940 1224 2994 pectore
1248 2941 1426 2978 matres
1443 2948 1462 2977 .-
1488 2927 1545 2979 in

513 3001 679 3055 Salm.
710 3014 762 3055 et
789 3002 946 3057 Leid.
979 3008 1247 3073 ingemas,
1273 3007 1547 3077 frequente

513 3080 853 3135 librariorum
919 3083 1178 3154 scriptura
1195 3124 1210 3149 ,
1261 3096 1320 3137 ut
1363 3083 1545 3156 paullo

511 3173 634 3231 post
655 3180 709 3212 v,
744 3160 842 3215 153
859 3199 875 3224 ,
897 3173 949 3213 et
976 3162 1104 3215 alibi
1136 3164 1334 3234 passim
1355 3184 1368 3218 :
1407 3176 1461 3216 at
1486 3166 1539 3215 in

511 3238 628 3311 ipso
645 3239 871 3311 Virgilio
891 3281 906 3307 ‚
945 3246 1070 3295 AEn.
1099 3241 1192 3295 lib.
1219 3243 1328 3295 vn
1348 3281 1364 3307 ,
1397 3244 1499 3311 392
1520 3280 1538 3307 ,

515 3328 682 3371 exstat
705 3336 718 3370 τ
741 3344 762 3364 ι
779 3319 1038 3391 furiisque
1061 3338 1304 3374 accensas
1324 3332 1539 3392 pectore

461 3418 467 3425 ·
515 3408 709 3449 matres
729 3422 753 3441 n
773 3434 789 3460 ,
829 3398 925 3451 ubi
950 3398 1152 3453 nullam
1179 3399 1420 3453 lectionis
1455 3399 1538 3452 di-

514 3476 817 3531 versitatem
837 3498 866 3531 e
893 3481 998 3535 suis
1024 3479 1296 3534 codicibus
1314 3480 1537 3533 adnota-

514 3567 638 3607 runt
667 3554 873 3611 Pierius
901 3572 992 3611 aut
1017 3560 1270 3613 Heinsius
1287 3602 1300 3626 ,
1323 3559 1418 3632 qui
1443 3580 1538 3628 pe·

514 3648 656 3685 οισι-α
679 3653 778 3705 per
799 3638 1146 3691 Graeeismum
1175 3640 1420 3693 malebat.
1446 3639 1543 3691 Ne·

515 3731 623 3783 que
649 3712 910 3767 differunt
925 3715 1014 3770 hic
1029 3717 1544 3773 Amstelaedamensis

517 3810 774 3863 mensque
810 3792 1006 3859 eodex3
1044 3795 1250 3849 videtur
1275 3798 1437 3868 igitur
1455 3798 1542 3851 hic

516 3886 700 3925 auctor
736 3871 793 3924 in
837 3890 934 3925 suo
970 3874 1179 3944 Virgilii
1233 3875 1419 3928 codice
1460 3877 1545 3929 ha-

513 3950 689 4004 buisse
729 3976 749 3997 ι
772 3949 1032 4023 furiisque
1067 3954 1306 4007 incensas
1331 3967 1545 4025 pectore

515 4042 708 4083 matres
739 4052 787 4092 ι,
827 4028 974 4101 quod
1009 4028 1224 4084 defendi
1261 4046 1434 4103 posset
1472 4054 1537 4088 ex

511 4110 632 4159 AEn.
659 4108 756 4167 lv,
790 4109 924 4176 396:
951 4134 971 4155 ι
991 4109 1132 4177 Heu,
1151 4110 1300 4165 furiis
1327 4112 1541 4167 incensa

1632 2294 1803 2347 feror!
1828 2318 1851 2338 a
1872 2293 1966 2347 ubi
1988 2293 2044 2347 in
2070 2293 2222 2348 nullo
2244 2291 2433 2349 codice
2462 2292 2651 2366 legitur

1633 2392 1867 2427 accensa.

1726 2460 1842 2523 149.
1892 2458 2177 2521 Magnoque
2218 2454 2399 2504 irarum
2432 2454 2654 2521 fluctuat

1631 2548 1752 2585 oeseu
1775 2553 1795 2583 .·
1813 2532 1890 2585 bis
1908 2533 2140 2587 occurrit
2161 2529 2303 2602 apud
2323 2530 2517 2601 virgil.
2532 2531 2650 2581 AEn.

1632 2612 1729 2678 IV,
1748 2612 1850 2665 532
1870 2624 1919 2665 et
1936 2612 2069 2676 5645
2090 2612 2181 2664 ubi
2200 2623 2377 2663 tamen
2396 2610 2453 2661 in
2472 2626 2651 2661 seeun-

1631 2689 1704 2743 do
1738 2692 1860 2744 loco
1897 2702 1977 2744 est
2014 2695 2261 2759 varioque
2294 2694 2481 2741 irarum
2498 2727 2514 2752 ,
2550 2699 2652 2739 etc.

1631 2769 1815 2823 eedem
1838 2770 2129 2823 variatione
2144 2810 2160 2835 ‚
2174 2769 2353 2842 quain
2368 2768 2462 2820 lib.
2480 2767 2651 2829 vm,

1640 2869 1727 2919 19,
1759 2850 1955 2921 legitur
1996 2868 2237 2922 «magno
2270 2866 2525 2901 curarum
2548 2844 2653 2897 ssu-

1632 2939 1778 2983 ctnat
1797 2940 1927 2981 testu
1951 2954 1974 2976 ι
1994 2950 2012 2995 3
2040 2928 2135 2983 sed
2154 2929 2247 2981 lib.
2268 2927 2401 2991 ΧΠ,
2426 2945 2483 2979 v.
2514 2926 2651 2990 486:

1638 3034 1660 3055 ι
1682 3007 1802 3059 Heu
1814 3006 1944 3077 quid
1958 3020 2109 3078 agen
2128 3006 2280 3060 vario
2292 3003 2653 3077 nequidquam

1632 3084 1849 3139 fluctuat
1869 3098 1999 3139 aestu
2014 3112 2061 3138 n.

1708 3166 1825 3217 151.
1850 3171 1974 3232 Quoe
1996 3180 2173 3217 memet
2188 3166 2359 3215 omnia
2384 3166 2517 3215 wli
2532 3182 2551 3212 :
2578 3163 2651 3215 ita

1628 3242 1835 3299 correxi
1857 3262 1923 3297 ex
1949 3246 2075 3297 AEn.
2093 3244 2185 3296 lib.
2204 3242 2331 3309 VII,
2352 3242 2455 3311 309
2476 3260 2491 3294 ε
2510 3241 2655 3293 vitio-

1628 3342 1683 3375 se
1710 3322 1854 3376 enim
1880 3322 1938 3375 in
1961 3321 2085 3377 cod.
2114 3322 2333 3376 Salmas.
2353 3337 2382 3372 a
2404 3338 2547 3372 man.
2574 3339 2655 3391 pr-

1627 3430 1653 3448 «
1670 3420 1790 3474 quae
1818 3420 1905 3454 me
1924 3420 2008 3455 me
2033 3401 2321 3473 ignominia
2353 3398 2489 3452 verti
2510 3416 2566 3460 »ς
2600 3399 2655 3449 in

1628 3481 1779 3535 Leid.
1803 3508 1829 3529 κ
1846 3500 1965 3551 quae
1984 3500 2069 3534 me
2089 3500 2175 3533 me
2192 3482 2247 3532 in
2260 3477 2437 3533 omnia
2454 3478 2595 3531 verti
2610 3502 2653 3531 ι.

1650 3616 1655 3619 ,
1705 3560 1820 3614 151.
1848 3563 1937 3613 cai
1954 3564 2197 3629 pecudum
2218 3562 2403 3629 fibra,
2438 3562 2553 3609 coeli
2576 3561 2659 3609 eui

1630 3645 1797 3693 sidera
1812 3656 1998 3707 parent
2029 3661 2048 3690 .·
2088 3639 2155 3691 ita
2188 3638 2330 3691 clare
2370 3637 2565 3708 legitur
2598 3638 2655 3689 in

1631 3720 1851 3773 Salmas.
1888 3731 1938 3771 et
1964 3717 2117 3770 Leid.
2150 3716 2271 3769 cod.
2305 3716 2447 3769 solus
2490 3714 2659 3769 codex

1632 3798 2044 3869 numburgensis
2072 3795 2214 3868 apud
2241 3796 2391 3867 Virg.
2418 3800 2543 3849 AEn.
2572 3796 2623 3847 X
2640 3831 2657 3856 ,

1640 3882 1755 3949 176,
1792 3877 1953 3930 habet
1986 3879 2158 3928 eaelum
2176 3898 2195 3936 ,-
2236 3874 2383 3927 unde
2410 3875 2660 3947 conjicie-

1634 3958 1725 4010 bat
1762 3957 2131 4009 Burmannus:
2179 3982 2203 4001 «ι
2220 3954 2309 4009 cui
2350 3954 2573 4019 edum,
2606 3965 2659 4005 et

1626 4034 1794 4089 sidera
1814 4048 1997 4107 parent
2018 4060 2039 4081 ι
2057 4052 2075 4099 3
2092 4032 2187 4088 sed
2203 4034 2427 4087 alterum
2446 4032 2659 4085 Maroni

1634 4116 1871 4169 usitatius
1898 4132 2008 4169 esse
2036 4112 2185 4168 addit
2213 4134 2228 4167 :
2264 4114 2481 4182 vulgata
2514 4124 2661 4165 certe
