2964 4690
1004 374 1607 443 AENIGMATA.

2230 370 2372 467 ³69

346 498 504 567 Non
543 506 771 589 gratus
808 493 1071 579 Cereri,
1112 517 1245 561 non
1286 520 1563 591 parvam
1597 518 1790 565 sumo
1825 494 2145 587 saginam.

259 673 330 713 eto
342 659 539 709 nomine
556 657 731 708 dicens.
758 654 917 708 Forte
934 654 1059 727 quia
1076 656 1271 710 rectius

258 739 483 796 curculio,
532 753 695 807 quam
738 738 973 803 gurgulio
1002 735 1269 789 scribitur.

258 815 359 870 Sed
381 815 514 867 mihi
540 815 649 886 ipse
664 833 771 867 non
791 814 1075 867 satisfacio.
1097 813 1271 868 stn.

258 926 325 936 —
350 895 471 947 Hoc
506 906 614 959 est,
654 910 823 965 quum
868 904 979 945 tam
1026 894 1275 965 parvulus

258 974 357 1029 sim
396 972 747 1037 vermiculus,
791 970 941 1025 haud
983 990 1110 1026 sane
1134 984 1277 1027 recte

258 1052 483 1106 inditum
534 1052 665 1103 mihi
712 1063 792 1104 est
831 1069 1025 1104 nomen
1061 1051 1277 1121 quadri·

258 1132 539 1205 syllabam.
574 1130 786 1184 Scilicet
812 1133 1106 1181 conveniunt
1136 1134 1276 1181 robus

261 1214 459 1263 nomina
502 1230 633 1279 ,ηερε
670 1214 785 1262 suis.
825 1208 1010 1261 Ham(-
1048 1240 1105 1249 —
1146 1209 1277 1262 Mihi

263 1292 324 1343 ita
367 1288 687 1343 videbatur:
729 1288 997 1353 Quoniam
1038 1292 1277 1357 Gur-gullo

260 1370 575 1442 inscriptum
598 1379 675 1421 est
690 1368 908 1439 enigma
923 1407 938 1433 ,
958 1365 1169 1421 videtur
1184 1386 1277 1421 au-

262 1462 376 1502 ctor
392 1448 451 1501 id
478 1446 802 1501 vocabulum
828 1464 858 1499 e
876 1444 1073 1515 gurges
1087 1459 1141 1499 et
1154 1450 1279 1517 gula

264 1528 643 1601 compositum,
666 1538 757 1579 aut
778 1545 843 1579 eo
870 1524 938 1579 ad
961 1527 1196 1598 gurgites
1228 1539 1281 1579 et

263 1610 481 1683 gulones
508 1606 752 1660 adtusum
775 1618 987 1678 putasse
1012 1603 1283 1677 quomodo

264 1688 437 1743 vocari
452 1686 695 1741 solebant
720 1684 963 1739 homiues
984 1683 1287 1757 prodigiose

265 1784 731 1837 voraces,quorum
744 1764 863 1837 gula
884 1764 1222 1837 quasigurges
1238 1776 1289 1817 et

265 1867 461 1917 vorago
481 1846 767 1913 patrimonii
784 1855 917 1897 esset
930 1881 947 1907 ,
974 1855 1034 1895 ut
1056 1840 1291 1915 adpellat

264 1927 472 1987 Cicero,
516 1935 648 1977 orat.
688 1941 789 1995 pro
832 1922 970 1976 Sext.
996 1942 1045 1975 c.
1072 1923 1160 1976 52.
1184 1921 1290 1975 Sed

269 2006 359 2079 qui
383 2016 533 2058 tauta
567 2003 855 2056 voracitate
896 2012 1007 2067 est,
1037 2014 1097 2054 ut
1126 2000 1291 2072 possit

269 2104 457 2157 gurges
499 2083 705 2148 vocari,
746 2081 792 2135 is
838 2079 1048 2134 videtur
1094 2082 1291 2153 majore

270 2168 441 2217 forma
467 2174 517 2215 et
534 2179 759 2233 corpore
772 2179 884 2214 esse
906 2160 1291 2231 debere,quam

270 2244 355 2297 ille
380 2242 703 2297 vermiculus
740 2240 977 2294 curculio
1023 2252 1115 2293 est.
1155 2238 1292 2292 Hinc

272 2333 437 2395 poete
463 2319 725 2376 sententia
758 2332 868 2374 est:
899 2318 1019 2392 quia
1050 2338 1151 2371 mm
1186 2338 1292 2370 ma-

271 2402 605 2471 gnusfhrma,
647 2399 775 2452 hinc
806 2418 906 2452 non
948 2413 1077 2452 rocco
1097 2401 1293 2450 nomine

274 2481 537 2553 gurgulio,
563 2479 719 2552 quasi
752 2497 937 2547 gurges
964 2488 1017 2529 et
1036 2481 1185 2546 gula,
1211 2475 1292 2530 di-

1358 678 1469 713 cor.
1497 659 1710 731 Optime
1726 677 1840 713 rem
1859 658 2158 721 conficeret,
2177 662 2220 714 si
2236 673 2374 714 certa

1358 750 1494 793 esset
1510 776 1527 801 ‚
1563 738 1718 792 lectio
1758 738 1986 799 Basueli,
2037 757 2183 791 «non
2229 752 2376 795 certo

1360 817 1578 870 nomine
1604 815 1778 871 dictus
1801 842 1844 869 υ.
1877 818 2019 869 Tum
2043 818 2182 871 euim
2215 817 2377 889 signi·

1362 894 1544 949 ficaret
1562 936 1578 961 ,
1621 896 1881 948 incertum
1927 914 2061 957 esse,
2101 899 2346 969 gurgulio
2361 939 2377 966 ,

1362 994 1429 1027 au
1454 974 1694 1028 curculio
1707 973 1967 1028 dicendus
1989 976 2070 1029 sit.

1437 1054 1490 1107 3.
1519 1059 1712 1104 Summo
1730 1056 1962 1121 saginam
1990 1056 2050 1106 A.
2075 1060 2182 1107 Nec
2196 1072 2376 1125 gratus

1364 1134 1524 1193 tritici,
1551 1136 1644 1184 sed
1657 1137 1808 1184 multa
1841 1136 1956 1185 vivo
1981 1137 2164 1203 sagina
2195 1136 2255 1190 C.
2269 1142 2377 1190 Nec

1360 1224 1540 1279 gratus
1560 1214 1736 1272 Cereri,
1765 1216 1854 1264 scd
1877 1217 2031 1264 multa
2054 1216 2168 1265 vivo
2193 1220 2379 1285 sagina

1364 1290 1484 1343 Per.
1498 1310 1598 1341 non
1613 1309 1819 1359 parvam
1839 1312 1976 1343 sumo
1988 1296 2218 1361 saginam
2239 1296 2380 1349 Cast.

1365 1367 1506 1421 Pith.
1526 1372 1715 1421 insumo
1724 1373 1956 1438 saginam
1965 1368 2173 1451 scripsit
2183 1372 2379 1426 Heum-

1368 1479 1439 1487 —
1459 1452 1576 1499 Non
1589 1466 1798 1516 parvam
1818 1468 1954 1500 sumo
1973 1452 2221 1517 saginam.
2247 1455 2388 1521 Sagi-

1368 1546 1441 1579 na
1458 1538 1537 1579 est
1553 1526 1701 1597 copia
1727 1527 1966 1579 ciborum
1990 1527 2203 1599 ingesta.
2230 1528 2390 1583 Unde

1373 1604 1613 1659 Juvenal.
1663 1606 1764 1668 IV,
1815 1609 1882 1676 67
1918 1623 1933 1657 :
1986 1631 2010 1654 ι
2057 1609 2386 1663 stomachum

1373 1684 1551 1737 laxare
1601 1685 1796 1755 saginis
1837 1710 1876 1735 n.
1925 1686 2393 1751 Quemadmodum

1376 1763 1540 1835 igitur
1572 1766 1726 1815 cibum
1768 1784 1956 1816 sumere
1990 1765 2150 1833 vulgo
2170 1766 2394 1831 dicitur,

1376 1844 1452 1895 ita
1500 1852 1554 1895 et
1597 1863 1734 1909 sumo
1769 1847 1996 1912 saginam
2040 1858 2242 1898 rectum
2279 1860 2394 1911 Θαὶς

1380 1940 1477 1973 nec
1513 1920 1738 1974 debebat
1763 1922 1832 1973 ab
1854 1921 2172 1977 Heumanno
2205 1927 2393 1997 reponi

1377 2003 1588 2053 absumo.
1617 2002 1878 2073 Loquitur
1894 2015 2070 2056 autem
2095 2003 2164 2057 de
2179 2024 2396 2059 sumeu-

1377 2080 1451 2133 do
1484 2080 1624 2145 cibo,
1657 2080 1784 2151 quia
1811 2080 2070 2151 hospitem
2094 2094 2216 2136 ante
2239 2102 2392 2137 voca·

1378 2172 1528 2213 verat
1549 2178 1562 2213 :
1584 2159 1679 2231 qui
1710 2157 1926 2231 quidem
1948 2158 2035 2213 hic
2062 2160 2399 2233 importunus

1379 2259 1478 2291 non
1513 2259 1722 2308 parvam
1769 2242 1998 2309 saginam
2043 2244 2206 2304 sumit,
2243 2240 2336 2295 sed
2366 2262 2398 2295 e

1378 2319 1648 2373 contrario
1671 2322 1766 2372 cibi
1789 2340 1888 2372 non
1917 2324 2056 2373 multi
2077 2323 2248 2391 hospes
2265 2320 2402 2376 dici-

1378 2409 1468 2450 tur
1499 2417 1531 2452 a
1555 2398 1722 2451 Cicer.
1743 2398 1906 2470 Epist.
1944 2397 2009 2450 ad
2041 2399 2153 2452 niv.
2185 2399 2290 2466 IX,
2313 2404 2398 2460 26,

1379 2487 1510 2528 extr.

1076 2749 1307 2816 XXV.
1360 2747 1587 2813 MUS.

373 2887 621 2953 PARVA
664 2881 831 2950 mihi
869 2881 1105 2949 domus
1139 2895 1269 2968 est,
1302 2879 1415 2948 sed
1451 2880 1654 2974 janua
1693 2901 1955 2974 semper
1997 2896 2246 2974 aperta.

378 2993 638 3086 Exiguo
680 3005 951 3084 sumptu
989 2989 1232 3057 furtiva
1276 2990 1427 3057 vivo
1470 2989 1718 3082 sagina.

377 3099 583 3188 Quod
610 3098 771 3168 mihi
798 3123 1041 3167 nomen
1066 3099 1265 3182 inest,
1286 3102 1518 3168 Romae
1539 3121 1805 3192 quoque
1830 3098 2062 3168 consul
2091 3100 2398 3172 hahebat.

358 3275 382 3309 ι
394 3295 409 3308 .
424 3263 584 3308 Parva
602 3257 721 3307 mila·
736 3259 905 3307 domus
920 3270 1003 3306 esc.
1020 3259 1195 3307 cavum
1210 3253 1302 3307 ad-

286 3335 445 3408 pellat
464 3334 649 3387 Horat.
669 3335 837 3387 Serm-
861 3335 942 3401 11,
962 3337 1015 3401 6,
1033 3336 1095 3387 81
1112 3345 1167 3386 et
1184 3353 1207 3386 1
1221 3337 1303 3387 16.

357 3433 407 3466 ².
444 3415 644 3466 nteit-is
670 3415 858 3464 nutv-ior
895 3416 1017 3464 escis
1040 3413 1099 3465 P.
1109 3415 1301 3479 furtiva

286 3497 399 3545 vivo
422 3496 607 3561 sagina
640 3492 777 3544 Pith.
806 3493 943 3547 Cast.
981 3493 1107 3545 Haec
1130 3493 1303 3546 verior

286 3572 441 3625 lectio
464 3571 698 3635 videtur,
716 3591 877 3644 quam
896 3573 1016 3626 Per.
1036 3591 1155 3643 quae
1172 3573 1308 3644 glos·

288 3671 401 3706 sam
420 3651 577 3724 sapit,
596 3651 731 3704 sicut
748 3651 892 3705 idem
910 3653 1015 3706 πη.
1027 3653 1093 3706 36
1117 3671 1217 3725 pro
1239 3655 1309 3703 vi-

288 3735 417 3784 rides
439 3745 673 3799 exspecto
691 3733 899 3799 saginas
927 3731 1200 3804 supposuit
1215 3751 1310 3801 pa·

290 3828 392 3864 sm
414 3825 647 3882 exspecto
668 3814 898 3863 virentes.
916 3816 1177 3864 -Furtiva
1198 3814 1311 3864 vivo

290 3895 489 3960 sagino.
508 3894 703 3944 Fur-tiva
726 3889 992 3953 dicuntur,
1022 3909 1140 3963 quae
1158 3891 1313 3958 clam,

290 3971 519 4026 latentu-
544 3983 598 4023 οἱ
618 3971 857 4042 precario
886 3968 1039 4024 flunt.
1063 3977 1210 4022 Furto
1228 3973 1310 4022 vi·

499 4157 575 4222 V
566 4157 665 4222 II.

1388 3275 1499 3308 vere
1543 3255 1674 3309 dicit
1717 3269 1902 3309 auctor
1943 3257 2122 3328 elegiae
2167 3259 2234 3313 de
2269 3261 2404 3334 Spe,

1388 3355 1439 3388 v.
1480 3336 1574 3399 343
1609 3361 1632 3382 ι
1657 3335 1848 3387 furtiva
1887 3355 2166 3406 procerum
2209 3340 2406 3412 suppli-

1388 3414 1466 3466 cia
1486 3440 1511 3460 a
1534 3415 1704 3466 Vestr.
1724 3413 1985 3484 Spurinna
2007 3455 2022 3480 ,
2053 3415 2133 3476 ΙΙ,
2168 3435 2232 3468 12
2251 3438 2266 3482 ς
2287 3421 2406 3484 [ιω-

1392 3495 1510 3544 tis-os
1541 3499 1745 3557 colores,
1767 3491 1945 3545 Horat.
1972 3493 2133 3564 Epist.
2157 3496 2213 3559 1,
2242 3495 2292 3563 3,
2321 3517 2403 3552 20.

1466 3573 1515 3625 3.
1547 3575 1694 3639 Quod
1717 3575 1786 3623 mi
1809 3591 1984 3622 nomen
2010 3573 2070 3624 Α.
2105 3577 2266 3643 Trojoe
2286 3597 2406 3644 quo.

1397 3672 1492 3720 que
1510 3654 1686 3703 consul
1697 3653 2005 3704 D.—Romoe
2032 3673 2226 3721 quoque
2238 3661 2414 3708 consul

1398 3735 1620 3784 habebat.
1642 3731 1816 3783 Immo
1833 3730 1943 3784 duo
1968 3734 2250 3802 consules(
2273 3747 2410 3788 uter-

1399 3830 1503 3883 que
1533 3809 1755 3872 Decius,
1797 3823 1948 3882 pater
1989 3822 2040 3863 et
2065 3811 2203 3865 filius
2225 3817 2265 3882 ).
2307 3815 2410 3866 Res

1400 3903 1522 3943 uota
1565 3889 1648 3944 vel
1691 3907 1752 3942 ex
1793 3889 1950 3942 Floro
1969 3927 1985 3954 ,
2023 3889 2153 3943 Hist.
2181 3893 2329 3944 Rom.
2356 3893 2383 3944 1
2406 3931 2422 3958 ,

1399 3987 1516 4042 cap.
1541 3975 1622 4033 14,
1637 3985 1691 4020 n.
1720 3985 1768 4034 ι,
1788 3979 1838 4020 et
1852 3987 1964 4040 cap.
1986 3987 2074 4040 17,
2093 3987 2150 4021 n.
2167 3987 2216 4038 7.
2231 3970 2414 4023 Ηιυιι.

2038 4154 2130 4234 24
