2964 4690
710 411 841 477 An
894 412 1379 481 SYMPosn
1410 392 1996 482 'AENIGMATA.
2268 412 2408 508 309

294 538 550 625 quidem
585 554 719 621 est,
756 542 963 604 inesse
996 541 1365 606 Heumanni
1398 540 1784 621 conjecturae
1819 526 2106 605 nativam*
2131 542 2408 630 aliquam

294 641 651 707 facilitatem
673 692 691 726 ,
724 660 789 709 et
819 648 1171 733 speciosam
1199 648 1578 737 elegantiam
1598 649 1726 734 (1),
1759 670 1904 734 quae
1924 647 2206 737 legentes
2231 648 2416 713 facile

296 748 599 833 pelliciat3
633 767 699 815 et
728 751 794 813 in
828 754 1145 839 prooemio
1180 752 1660 841 AEnigmatum‘,
1696 774 1956 841 unaque
1985 752 2053 815 in
2087 753 2232 818 loco
2263 754 2416 817 Hie-

295 856 542 943 ronymi
562 902 581 937 ‚
618 855 699 921 de
729 858 1041 922 Lactantii
1073 859 1417 947 Symposio
1456 858 1820 947 loquentis,
1849 880 1951 922 res
1981 860 2324 927 nonnullas
2352 876 2420 923 et

294 960 479 1024 verba
512 978 643 1027 tam
675 964 1019 1029 commode
1051 966 1434 1047 convenire,
1464 982 1539 1029 ut
1565 966 1985 1045 sententiam,
2020 988 2212 1053 quam
2243 964 2418 1031 Heu-

296 1088 567 1131 mannus
614 1068 767 1133 inde
817 1071 1113 1159 collegit,
1162 1072 1335 1135 ultro
1380 1070 1662 1135 conflare
1703 1070 2063 1135 videantur.
2111 1070 2238 1134 sed
2285 1072 2420 1135 haec

293 1174 546 1255 omnia,
586 1177 879 1262 quamvis
924 1176 1223 1241 facillime
1269 1193 1636 1264 comparata
1658 1225 1676 1259 ,
1718 1177 1858 1241 solo
1904 1193 2120 1241 tamen
2158 1178 2421 1266 ingenio
2473 1193 2478 1199 '

296 1293 355 1341 et
380 1281 973 1369 conjectura‚·quae
1005 1282 1187 1346 facile
1223 1282 1544 1364 illudunt,
1579 1284 1900 1365 nituntur,
1937 1284 2113 1347 nulla
2147 1284 2424 1347 fulciun-

294 1398 397 1447 tur
421 1387 848 1469 auctoritate3
888 1404 958 1452 et
988 1389 1041 1451 si
1076 1410 1297 1452 rerum
1331 1388 1434 1452 vel
1468 1389 1818 1453 verborum
1840 1437 1859 1471 ,
1905 1410 2049 1477 quae
2091 1388 2198 1453 hic
2239 1412 2422 1453 com·

292 1508 618 1577 parantur,
652 1493 863 1556 acrior
894 1492 1326 1558 consideratio
1348 1494 1926 1583 interpretatioque
1953 1492 2212 1558 accedat
2231 1542 2248 1575 ‚
2281 1494 2425 1557 effi-

293 1597 497 1661 cietur
534 1596 710 1661 haud
742 1598 943 1663 dubie
964 1650 982 1675 ‚
1030 1616 1109 1689 ut
1159 1600 1377 1663 minus
1422 1622 1498 1663 ea
1544 1602 1890 1665 convenire
1925 1602 2095 1689 inter
2128 1622 2196 1664 se
2228 1600 2424 1688 adpa-

294 1718 424 1766 reat
449 1751 469 1783 ‚
530 1719 599 1766 et
654 1705 968 1767 sententia
996 1754 1015 1786 ,
1071 1726 1217 1792 quae
1272 1704 1427 1769 inde
1481 1704 1779 1785 ducitur,
1831 1706 2039 1769 inanis
2087 1702 2442 1793 solidoque-

294 1804 599 1872 destituta
633 1806 1064 1874 fundamento
1107 1808 1421 1874 videatur.
1460 1809 1681 1874 Talem
1731 1810 2002 1873 omnino
2041 1802 2428 1876 sententiam

295 1914 668 1978 Heumanni
704 1937 909 2002 quum
935 1915 1303 1996 judicemus
1331 1936 1469 1980 esse
1488 1964 1508 1997 ,
1541 1937 1658 2005 age
1680 1916 1817 1996 ›jam
1851 1932 2230 2005 argumenta
2255 1916 2425 1995 ejus,

297 2040 439 2104 quae
483 2040 676 2108 supra
728 2021 1164 2086 enarravimus
1184 2070 1201 2104 ‚
1247 2023 1594 2087 lustremus
1634 2038 1932 2086 accurate
1963 2038 2028 2085 et
2064 2018 2428 2111 perpenda-

296 2146 460 2188 mus.
490 2128 587 2191 Ac
622 2128 835 2214 primo
868 2126 1167 2216 quidem,
1212 2127 1477 2216 quando
1512 2128 1940 2192 Heumannus
1976 2128 2309 2215 opinatur,
2344 2128 2428 2192 ti·

298 2231 509 2295 tulum
532 2231 857 2319 Symposii
894 2249 1140 2299 temere
1178 2234 1247 2297 in
1283 2234 1704 2323 symposium
1733 2248 2066 2298 auctorem
2103 2249 2428 2298 mutatum

297 2358 433 2400 esse
458 2386 475 2412 ‚
530 2337 929 2426 probabilior
976 2338 1115 2403 haec
1172 2338 1336 2404 ratio
1388 2356 1558 2403 esset
1581 2388 1600 2420 ,
1650 2337 1710 2403 si·
1755 2355 1982 2404 contra
2025 2336 2266 2402 factum
2301 2337 2428 2404 dici

297 2459 515 2529 posset
535 2490 555 2524 ,
584 2459 649 2508 et
675 2443 1053 2533 Symposius
1081 2459 1309 2508 auctor
1331 2461 1618 2509 mutatus
1641 2445 1708 2506 in
1733 2444 1996 2508 titulum
2023 2443 2221 2508 libelli
2245 2461 2433 2510 esset.

299 2547 465 2612 Nam
499 2549 829 2638 Symposii
886 2550 1114 2614 titulus
1136 2599 1155 2631 ,
1211 2551 1431 2614 multis
1479 2566 1773 2613 veterum
1825 2551 2214 2636 scriptorum
2258 2550 2436 2614 libris

299 2654 644 2741 impositus
664 2705 682 2737 ,
720 2657 937 2719 notior
965 2643 1237 2718 omnino
1262 2655 1714 2744 vulgatiorque
1738 2669 1906 2732 erat,
1939 2677 2136 2741 quam
2163 2654 2438 2744 Sympo-

300 2759 431 2823 sius
470 2781 713 2824 nomen
753 2761 1085 2848 proprium
1104 2809 1123 2841 ,
1167 2762 1407 2825 seriore
1447 2759 1710 2823 demum
1747 2773 1931 2822 aetate
1961 2779 2040 2822 ex
2072 2760 2195 2824 isto
2227 2758 2442 2822 dedu-

302 2881 479 2928 ctum
496 2913 517 2945 ‚
542 2882 609 2928 et
632 2865 875 2928 librarii
902 2866 1090 2930 citius
1118 2865 1500 2954 faciliusque
1527 2863 1879 2954 vulgatiora
1907 2862 2159 2950 sibique
2181 2864 2446 2927 notiora

304 2969 495 3033 verba
530 2962 794 3058 ponunt
829 2994 949 3058 pro
982 2971 1333 3035 rarioribus
1353 3019 1371 3050 ‚
1406 2993 1602 3059 quam
1640 2985 1886 3034 contra.
1931 2967 2160 3057 Neque
2197 2969 2268 3032 hi
2297 2985 2440 3033 tan-

305 3091 443 3142 tum
474 3078 891 3167 Symposium
918 3089 1247 3144 auctorem
1272 3096 1561 3168 ponunt,
1593 3077 1709 3143 sed
1735 3078 1930 3164 etiam
1957 3075 2336 3143 distinctum
2359 3077 2440 3142 ab

309 3207 385 3247 eo
436 3183 700 3252 titulum
754 3185 972 3250 libelli.
1020 3185 1399 3250 Inscribunt
1432 3208 1448 3249 ε
1489 3185 1810 3272 Incipiunt
1848 3186 2226 3271 AEmgmata
2258 3185 2446 3270 Sym-

300 3289 507 3374 phosii
518 3303 727 3378 poetae
742 3339 761 3373 ,
803 3291 1003 3378 idque
1036 3290 1285 3355 faciunt
1326 3311 1405 3353 ex
1444 3289 1687 3354 indicio
1722 3306 1788 3355 et
1828 3289 2210 3353 auctoritate
2239 3290 2444 3378 ipsius

311 3395 587 3460 auctoris
609 3446 626 3478 ,
670 3398 783 3485 qui
828 3396 1043 3486 primo
1086 3397 1302 3461 statim
1330 3418 1524 3459 versu
1554 3417 1794 3458 nomen
1840 3417 2035 3458 suum
2063 3393 2442 3482 profitetur:

314 3501 465 3565 Hoec
485 3525 733 3592 quoque
758 3503 1155 3591 Symphosius
1180 3501 1261 3566 de
1285 3503 1566 3565 carmine
1589 3501 1738 3566 lusit
1762 3502 1992 3588 inepto,
2017 3501 2162 3566 Heu
2170 3525 2444 3566 mannus

316 3627 568 3693 contra,
606 3629 682 3676 ut
706 3612 1093 3676 sententiam
1118 3633 1297 3676 suam
1325 3610 1634 3692 stabiliat,
1665 3625 2032 3697 pervertere
2063 3609 2446 3696 scripturam

384 3850 461 3913 (ι)
497 3837 675 3913 Quam
718 3849 971 3903 Ernestus
1012 3850 1172 3902 etiam
1210 3849 1424 3921 agnovit
1469 3848 1523 3900 in
1564 3847 1746 3899 adnot.
1789 3845 1855 3898 ad
1897 3845 2121 3899 Fabricii
2159 3845 2288 3899 Bibl.
2335 3849 2449 3910 Lat.

319 3947 443 3988 tom.
464 3937 579 3999 111,
618 3953 739 4008 pag.
772 3936 874 4000 254
899 3947 925 3989 :⁸
958 3963 982 3982 u
1000 3938 1092 3991 Est
1116 3951 1259 3991 certe
1275 3979 1289 4003 ‚
1314 3937 1511 4008 inquit,
1533 3934 1744 4005 elegans
1772 3945 1823 3986 et
1848 3933 2085 4005 speciosa
2113 3936 2408 4004 conjectura
2432 3975 2444 3996 ‚

319 4023 552 4092 inprimis
572 4043 637 4076 ex
662 4043 726 4077 eo
741 4061 757 4087 ,
784 4025 930 4096 quod
952 4025 1006 4076 in
1026 4026 1274 4078 conviviis
1296 4043 1461 4096 genus
1485 4021 1852 4077 oblectationis
1881 4021 1983 4078 fuit
2007 4022 2063 4073 in
2091 4019 2466 4092 anigmatibus.

322 4111 679 4182 proponendis
707 4125 755 4164 et
782 4111 1047 4166 solvendis
1066 4137 1104 4164 ι.
