2964 4690
503 348 636 421 362

1224 424 1237 439 ,
1306 352 1820 419 symposn

1272 571 1475 638 XVI.
1527 571 1847 641 TINEA.

594 768 866 834 LITenA
900 788 1005 833 me
1038 766 1255 858 pavit,
1276 790 1441 854 nec,
1469 768 1632 862 quid
1659 768 1744 835 sit
1771 765 1993 850 litera,
2031 766 2205 834 novi.

597 876 675 941 ln
722 872 907 943 libris
946 875 1118 961 vixi,
1164 900 1289 945 nec
1323 900 1471 945 sum
1511 876 1871 946 studiosior
1911 874 2085 945 inde.

598 984 804 1054 Exedi
841 1008 1094 1072 musas,
1136 1010 1259 1055 nec
1294 985 1514 1056 adhuc
1553 1002 1777 1056 tamen
1815 987 1959 1080 ipsa
1991 984 2264 1079 profeci.

581 1204 629 1239 1.
660 1188 818 1237 tieem
835 1205 913 1239 me
928 1189 1081 1255 pavit.
1113 1186 1351 1241 Fortasse
1368 1186 1522 1241 adlu-

506 1263 586 1317 dit
622 1262 692 1317 ad
719 1263 853 1319 illud
878 1264 1170 1331 Ciceronis,
1196 1265 1267 1319 ad
1289 1269 1393 1320 Att.
1412 1268 1516 1331 lv,

514 1361 577 1396 10
606 1362 621 1396 ε
654 1369 675 1390 ι
700 1344 811 1417 Ego
850 1343 941 1397 hic
973 1363 1163 1418 pascor
1204 1345 1520 1400 bibliotheca

510 1424 685 1478 Fausti
702 1449 743 1477 a.
770 1422 1019 1477 Similiter
1056 1424 1307 1481 Horatius
1348 1424 1517 1498 Epist.

508 1502 566 1565 1,
600 1520 693 1565 πο,
724 1520 807 1567 12,
846 1502 915 1557 de
948 1503 1087 1557 libro
1128 1523 1261 1559 suo:
1305 1529 1330 1551 «ι
1355 1504 1522 1557 tineas

510 1599 693 1653 pasces
711 1582 1003 1637 taciturnus
1028 1584 1218 1638 inertes
1236 1610 1282 1637 n.

581 1680 630 1712 a.
671 1666 733 1713 In
781 1665 914 1715 libris
943 1666 1073 1717 vixi.
1105 1662 1305 1735 Lepide
1348 1661 1524 1718 verbis

510 1740 695 1804 utitur,
712 1758 827 1811 qua
856 1742 1069 1814 proprie
1103 1742 1169 1798 de
1194 1744 1413 1797 literatis
1427 1742 1526 1795 ho·

514 1816 745 1870 minibus
800 1820 977 1873 valent
994 1860 1013 1885 ,
1077 1822 1391 1894 videturque
1440 1820 1531 1872 hic

512 1895 734 1948 maxime
767 1898 1031 1969 respicere
1068 1900 1245 1953 locum
1286 1900 1530 1960 Horatii,

440 1996 445 2001 ·
516 1974 674 2045 Epist.
694 1975 771 2037 11,
804 1995 849 2037 2,
880 1978 977 2029 82:
1006 1977 1120 2030 «Et
1142 1977 1328 2031 studiis
1362 1996 1532 2030 annos

512 2067 713 2125 septem
735 2052 909 2119 dedit,
934 2054 1263 2129 insenuitque
1281 2056 1452 2109 Libris
1480 2068 1532 2108 et

516 2132 656 2185 curis
672 2159 714 2186 a.
743 2133 818 2187 Ut
831 2132 920 2187 hic
946 2136 997 2185 in
1020 2137 1175 2199 libris,
1201 2136 1275 2187 ita
1299 2139 1351 2187 in
1381 2137 1531 2199 literis

519 2215 684 2265 anivers
722 2212 859 2265 dixit
896 2212 1082 2267 Cicero
1115 2214 1287 2286 Epist.
1318 2212 1386 2265 ad
1404 2212 1529 2266 Div.

524 2291 603 2342 IX
624 2328 639 2354 ,
702 2294 788 2344 26.
849 2297 910 2344 In
951 2295 1392 2348 librisoadsiduum
1439 2311 1534 2345 vo-

520 2381 606 2422 cat
638 2370 905 2425 Ausonius
930 2371 1077 2425 Pros.
1107 2372 1276 2424 xxn.
1313 2380 1386 2413 -'
1427 2375 1534 2424 Nec

524 2468 629 2500 sum
680 2453 943 2504 studiosior·
984 2454 1117 2504 inde.
1176 2453 1287 2506 Nec
1353 2464 1536 2506 tamen

522 2527 649 2580 hinc
684 2532 885 2601 majore
922 2531 1197 2585 literarum
1246 2541 1298 2584 et
1336 2529 1536 2584 doctri-

521 2625 603 2660 noe
637 2607 817 2662 studio
855 2619 1052 2664 teneor.
1096 2613 1364 2663 studiosior
1400 2610 1539 2664 Heu-

521 2705 749 2741 mannus
789 2689 1162 2763 interpretatur
1206 2692 1396 2742 doca'or
1410 2729 1425 2750 ,
1480 2687 1540 2741 id

520 2785 648 2819 vero
684 2767 799 2820 loca
843 2782 1125 2824 anctorum
1162 2768 1402 2842 adposita
1427 2786 1538 2822 non

524 2845 651 2898 satis
687 2845 977 2902 declarant.
1023 2848 1224 2920 Saepius
1271 2867 1335 2900 eo
1375 2847 1540 2901 verbo

523 2924 689 2978 utitur
722 2924 927 2980 Plinius
965 2927 1021 2979 in
1063 2925 1334 2998 Epistolis,
1369 2943 1541 2995 eoque

523 3002 794 3058 hominem
836 3005 1038 3059 indicat
1080 3004 1330 3058 doctrina
1368 3003 1542 3057 studia

528 3084 741 3138 solerter
781 3097 835 3137 et
875 3083 1147 3157 diligenter
1200 3095 1510 3136 tractantem
1525 3121 1540 3146 ,

524 3183 633 3216 non
651 3183 771 3217 eum
783 3203 797 3227 ,
816 3183 974 3237 quern
988 3164 1204 3237 proprie
1218 3163 1434 3216 doctum
1453 3182 1542 3216 vo·

526 3259 725 3295 camus.
743 3243 859 3296 Lib.
878 3243 956 3295 v1
969 3284 985 3310 ,
1014 3261 1101 3315 ep.
1120 3245 1185 3296 26
1211 3262 1224 3297 ε
1255 3267 1277 3290 ι
1295 3243 1413 3314 Ipse
1431 3253 1538 3294 stu-

528 3318 735 3386 diosus,
760 3321 1027 3386 literatus,
1056 3321 1211 3375 etiam
1256 3319 1481 3392 disertus
1502 3340 1544 3386 ας

529 3411 583 3453 et
605 3400 772 3468 v111,
800 3422 891 3458 12:
920 3402 1085 3457 «colit
1113 3401 1316 3464 studia,
1347 3401 1543 3454 studio-

531 3497 616 3532 sos
640 3491 807 3548 amat,
828 3482 971 3536 fovet
990 3524 1005 3548 ,
1030 3481 1275 3555 provehit
1292 3508 1332 3535 n.
1356 3511 1423 3522 -
1441 3479 1546 3533 Sed

528 3559 767 3610 smdiosus
813 3561 900 3613 vix
948 3563 1184 3614 absolute
1234 3561 1347 3614 dici
1388 3577 1544 3634 posse

528 3647 677 3706 putat
713 3637 1076 3708 Burmannus,
1120 3641 1222 3694 nisi
1266 3642 1544 3693 Musarum

534 3714 617 3774 vel
641 3717 805 3772 simile
824 3719 950 3790 quid
970 3762 986 3786 ,
1008 3719 1259 3774 addatur:
1285 3719 1407 3772 ideo
1430 3719 1546 3772 haec

1605 1186 1782 1241 Ovidii
1803 1227 1819 1253 ,
1857 1184 2026 1257 Epist.
2053 1186 2179 1251 XV,
2228 1202 2251 1236 1
2277 1201 2289 1235 :
2321 1208 2346 1229 οι
2373 1180 2628 1237 studiose

1607 1268 1754 1321 litera
1797 1265 1996 1320 dextrae
2020 1290 2045 1311 a
2099 1262 2404 1337 explicanda
2447 1272 2629 1315 censet

1607 1346 1786 1400 amicae
1801 1386 1818 1411 ,
1843 1346 1940 1399 tibi
1963 1344 2198 1401 faventis.
2227 1342 2292 1395 ln
2317 1340 2476 1395 Amh.
2503 1342 2628 1394 Lat.

1607 1426 1701 1480 lib.
1737 1426 1840 1491 IV,
1877 1424 2042 1497 epigr.
2071 1425 2206 1487 340,
2243 1440 2322 1475 vs.
2355 1441 2383 1473 ²
2411 1441 2425 1474 ε
2469 1432 2628 1473 ustu-

1607 1504 1745 1559 diosi
1793 1517 1844 1558 et
1898 1505 2034 1560 bene
2093 1514 2327 1557 amantes
2355 1528 2380 1547 ι»
2431 1499 2628 1554 eodem

1609 1602 1784 1637 sensu.
1807 1584 1908 1637 En.

1683 1664 1731 1717 3.
1751 1665 1935 1715 Eat-cidi
1959 1662 2026 1714 D.
2053 1661 2178 1713 nihi!
2191 1660 2304 1710 hinc
2330 1672 2495 1709 tamen
2519 1659 2632 1724 ipsa

1613 1756 1801 1811 reporto
1829 1740 1952 1793 Per.
1980 1769 2051 1781 -
2090 1740 2258 1791 Exodi
2275 1755 2468 1789 musas.
2493 1740 2632 1788 Exe-

1618 1826 1733 1874 dere
1755 1818 1966 1893 proprie
1987 1830 2042 1871 et
2059 1818 2361 1889 frequenter
2380 1813 2451 1868 de
2464 1818 2634 1867 tineis.

1616 1899 1880 1952 Ausonius
1899 1897 2044 1951 Prof.
2067 1895 2260 1955 XXII,
2288 1895 2319 1948 3
2351 1912 2368 1946 t
2395 1918 2416 1939 ι
2435 1893 2634 1947 Exesas

1619 1978 1771 2031 tineis
1791 1976 2076 2048 opicasque
2095 1975 2340 2027 evolvere
2361 1972 2570 2025 chartas
2583 1998 2632 2023 ι.

1620 2054 1892 2110 Claudian.
1907 2055 1964 2107 in
1983 2054 2138 2107 Eutr.
2163 2053 2220 2115 1,
2247 2061 2347 2116 1¹4
2375 2070 2388 2104 :
2423 2077 2446 2100 ι
2471 2052 2632 2103 mise·

1619 2134 1785 2188 rabile
1799 2146 1978 2206 turpes
1990 2132 2228 2186 Exedere
2245 2142 2406 2202 caput
2417 2130 2572 2183 tineae
2589 2155 2636 2181 ιι.

1620 2214 1690 2267 Et
1712 2215 1976 2269 Juvencus
1995 2252 2012 2279 ,
2040 2211 2176 2264 Hist.
2215 2211 2418 2280 Evang.
2448 2208 2538 2261 lib.
2569 2210 2600 2260 1
2618 2246 2636 2271 ,

1620 2313 1671 2349 v·
1699 2294 1802 2348 613
1825 2334 1840 2359 ,
1884 2294 2039 2345 tineas
2083 2294 2260 2342 edaces
2306 2300 2478 2341 vocat.
2519 2286 2640 2341 Hoc

1621 2385 1796 2426 autem
1812 2372 1932 2424 loeo
1945 2369 2002 2424 id
2021 2369 2246 2426 verbum
2257 2369 2394 2422 bene
2411 2367 2612 2420 lectum
2625 2408 2640 2428 ‚

1622 2465 1683 2508 nt
1721 2449 1940 2506 adludat
1964 2447 2036 2503 ad
2073 2447 2298 2503 similem
2324 2447 2642 2502 latinorum

1625 2531 1938 2596 formulam,
1963 2547 2068 2602 qua
2085 2545 2345 2581 summam
2366 2527 2423 2578 in
2449 2523 2642 2580 studiis

1624 2609 1833 2684 legendi
1857 2606 2201 2680 discendique
2217 2604 2521 2660 aviditatem
2551 2601 2646 2657 de-

1624 2692 1849 2764 signant.
1873 2688 2068 2744 Dicunt
2091 2687 2233 2740 enim
2253 2704 2436 2736 vorare
2452 2685 2644 2744 liter-as,

1626 2774 1860 2822 devorare
1876 2769 2036 2820 lt'bros.
2054 2765 2400 2819 Heumannus
2409 2779 2646 2815 commo-

1627 2847 1695 2902 de
1719 2846 1935 2902 adducit
1961 2843 2068 2898 duo
2087 2845 2201 2897 loca
2229 2841 2526 2900 Ciceronis,
2547 2841 2646 2912 qui

1625 2927 1790 3000 Epist.
1811 2925 1880 2980 ad
1901 2927 2007 2978 Att.
2025 2925 2127 2987 IV,
2147 2940 2242 2976 10:
2273 2949 2296 2969 ι
2321 2921 2432 2974 Nos
2449 2919 2538 2973 hic
2553 2937 2650 2971 vo·

1627 3025 1806 3060 ramus
1815 3007 1994 3060 literas
2016 3022 2137 3058 cum
2157 2999 2462 3074 Dionysioa,
2477 3011 2531 3050 et
2547 2996 2646 3052 lib.

1627 3084 1955 3156 vn‚Epist.
1980 3083 2010 3136 3
2040 3101 2053 3134 :
2084 3078 2258 3147 «Quid
2276 3078 2417 3132 enim
2440 3077 2536 3130 tibi
2562 3075 2644 3128 fa·

1629 3164 1766 3219 ciam
1782 3205 1798 3230 ,
1834 3163 1929 3236 qui
1969 3161 2084 3215 illos
2123 3159 2287 3212 libros
2318 3155 2584 3210 devorasti
2605 3181 2649 3209 ι.

1631 3276 1699 3286 -
1755 3249 1874 3311 Ipsa
1918 3241 2122 3310 profeci,
2176 3240 2374 3291 Auctor
2415 3235 2654 3308 primam

1628 3323 1886 3398 syllabam
1920 3323 1976 3374 in
1995 3321 2189 3390 profeci
2223 3329 2410 3370 contra
2441 3333 2649 3367 morem

1631 3401 1975 3457 vetustiorum
2035 3411 2306 3471 poetarum
2370 3393 2652 3465 corripuit.

1635 3479 1795 3547 Quod
1823 3479 2011 3533 vitium
2045 3477 2242 3529 evitare
2274 3473 2496 3546 cupiens
2517 3471 2653 3525 scri-

1633 3571 1758 3633 ptor
1791 3558 1988 3611 codicis
2023 3555 2258 3609 Perionii
2303 3551 2449 3606 aliud
2479 3550 2656 3604 hemi-

1634 3637 1887 3692 stichium
1937 3633 2246 3708 supposuit,
2308 3630 2454 3705 quod
2491 3649 2656 3702 supra

1635 3715 1994 3769 indicavimus
2023 3716 2076 3766 in
2099 3731 2207 3766 var.
2236 3711 2358 3764 lect.

1150 3927 2036 3960 w
