2964 4690
571 389 665 474 46

1307 385 1969 456 COLUMELLA

673 515 762 581 Ut
800 507 1119 579 Pelusiaci
1161 509 1444 601 proritet
1482 505 1721 600 pocula
1758 509 1958 602 zythi.

667 625 1002 714 Tempore
1033 643 1170 686 non
1206 615 1341 686 alio
1377 615 1491 684 vili
1526 641 1797 711 quoque
1837 617 2130 713 salgama
2170 643 2387 688 merce

667 729 998 823 Capparis
1020 782 1039 815 ,
1067 742 1135 796 et
1180 727 1398 795 tristes
1439 723 1679 813 inulae,
1716 725 2077 822 ferulaeque
2114 729 2406 799 minaces

537 910 552 920 ,
665 839 1098 911 Plantantur:
1139 861 1264 906 nec
1293 861 1435 904 non
1473 836 1805 929 serpentia
1845 839 2147 932 gramina
2178 853 2449 922 mentae,

665 955 755 1021 Et
787 949 957 1017 bene
990 946 1252 1016 odorati
1288 944 1487 1014 flores
1522 959 1936 1040 sparguntur
1975 948 2240 1037 anethi,

667 1063 978 1153 Rutaque
1007 1055 1322 1126 Palladiae
1350 1056 1571 1126 baccae
1592 1055 1823 1148 jutura
1860 1082 2163 1152 saporem
2180 1111 2199 1144 ‚

646 1271 668 1303 1
683 1251 763 1303 16.
779 1252 844 1298 Ec
853 1249 1101 1299 Pelusiaci
1119 1245 1244 1299 Pius
1253 1248 1337 1300 vel
1365 1246 1509 1320 Lips.
1529 1275 1599 1286 —

569 1337 636 1382 Ue
657 1328 920 1394 Pelusiaci,
947 1338 1046 1380 etc.
1071 1345 1254 1380 sensus
1287 1338 1365 1380 est
1393 1345 1410 1379 ε
1431 1323 1601 1379 Radix

576 1407 726 1483 Syria
758 1403 842 1460 vel
878 1405 1094 1479 Assyria
1123 1423 1246 1460 cum
1273 1405 1492 1460 madido
1524 1405 1602 1459 lu·

573 1489 703 1560 pino
730 1485 932 1539 sociata
959 1487 1250 1560 appetitum
1275 1486 1404 1540 facit
1431 1483 1504 1538 ad
1519 1483 1600 1536 bi-

567 1563 834 1620 bendum:
865 1577 928 1618 ut
944 1565 1080 1620 adeo
1107 1568 1396 1618 Pelusiacas
1423 1567 1599 1629 cythas

564 1665 666 1719 pro
689 1644 879 1715 quavis
911 1645 1164 1698 cerevisia
1195 1655 1501 1716 usurpetur.
1520 1645 1599 1696 De

569 1723 745 1797 Zytho
767 1735 949 1777 autem
967 1723 1517 1778 evolveSchoockium
1531 1721 1600 1776 de

569 1803 861 1867 Cererisim
879 1821 926 1858 c.
951 1823 1001 1867 1,
1023 1823 1078 1876 p.
1094 1803 1151 1856 8.
1178 1803 1482 1856 Suum-rm.

547 1893 552 1896 '
645 1901 668 1936 1
681 1901 762 1953 17.
785 1889 1016 1952 Tempore
1029 1903 1130 1936 non
1149 1887 1273 1948 alio,
1287 1899 1482 1954 nempe
1498 1883 1599 1934 sub

564 1963 851 2016 adventum
893 1961 1061 2028 νεώς
1101 1960 1210 2016 vid.
1241 1981 1290 2013 v.
1347 1979 1415 2031 77
1481 1981 1593 2034 seq.

564 2047 804 2112 Salgama
831 2053 957 2094 sunt
972 2042 1150 2095 herbe
1165 2083 1180 2108 ,
1205 2040 1364 2095 flores
1382 2081 1398 2106 ,
1427 2041 1595 2104 olera,

567 2140 686 2193 quae
711 2119 820 2176 sale
835 2159 852 2186 ‚
874 2120 1046 2174 muria
1060 2160 1077 2187 ,
1114 2132 1266 2174 aceto
1291 2118 1502 2173 condita
1537 2120 1595 2172 in

565 2219 721 2254 usum
741 2202 868 2254 anni
891 2213 1174 2254 servantur
1191 2201 1247 2253 in
1263 2201 1398 2254 vasis
1413 2199 1595 2253 vitreis

565 2279 646 2334 vel
667 2279 919 2333 fictilibus
932 2319 947 2345 ,
973 2297 1204 2353 quorum
1229 2277 1591 2353 parandorum

561 2360 824 2413 rationem
844 2359 1080 2414 ostendit
1093 2362 1298 2426 Noster,
1317 2360 1446 2425 ΧΠ,
1465 2365 1521 2424 4,
1538 2368 1591 2423 4.

568 2470 635 2481 --
656 2442 758 2491 Vile·
779 2458 940 2491 meme
955 2476 971 2503 ,
999 2440 1124 2511 quia
1155 2458 1324 2512 parvo
1347 2451 1595 2493 constant

565 2530 618 2572 et
643 2517 968 2573 venduntur.
983 2518 1126 2571 Hinc
1149 2521 1470 2587 salgamariae',
1498 2518 1591 2589 qui

569 2599 808 2669 salgama
825 2596 1118 2651 conficiunt
1133 2608 1186 2650 et
1202 2597 1462 2651 venduut.
1486 2598 1591 2651 Ma-

565 2678 647 2749 gis
663 2675 900 2730 declarat
918 2676 1034 2729 hoc
1053 2676 1370 2744 Columella,
1385 2677 1515 2738 ΧΠ,
1538 2695 1590 2746 7,

569 2775 614 2810 1:
631 2782 654 2803 ι
667 2756 824 2810 Circa
839 2774 1064 2809 vernum
1083 2755 1456 2827 equinoctium
1469 2754 1591 2807 her·

441 2854 454 2874 ⁸
563 2836 656 2889 has
677 2837 734 2888 in
757 2854 913 2889 usum
941 2836 1118 2909 colligi
1139 2847 1192 2889 et
1222 2834 1410 2909 reponi
1431 2852 1585 2903 opor-

563 2916 728 2982 tebit,
753 2934 964 2989 cymam
980 2955 997 2983 ,
1023 2916 1258 2982 caulem,
1281 2916 1588 2987 capparim,

565 2998 670 3070 apii
710 2996 966 3051 coliculos
985 3032 1002 3059 ,
1037 3008 1216 3048 rutam
1235 3032 1252 3059 ,
1291 2994 1583 3047 olusatrum

559 3094 684 3127 cum
725 3094 824 3129 suo
861 3075 976 3128 cole
993 3112 1010 3139 ‚
1034 3086 1320 3147 antequam
1355 3072 1425 3128 de
1445 3074 1585 3128 foni-

560 3155 684 3207 culo
703 3166 858 3207 exeat
873 3192 890 3218 ,
912 3166 1012 3208 etc.
1036 3178 1059 3203 ι

641 3234 756 3287 1¹8.
797 3235 961 3285 Tn'soe’s
1003 3234 1069 3286 D.
1111 3236 1358 3300 t'mdoeque
1393 3232 1476 3285 Sa.
1513 3262 1585 3275 —·-

568 3315 746 3364 Tristes
791 3314 956 3365 imeloe.
1005 3317 1156 3365 lurda
1191 3311 1356 3365 herba
1387 3309 1584 3365 radicis

559 3390 776 3445 nomine
811 3392 1020 3460 seritur,
1055 3392 1253 3445 Grecis
1291 3392 1545 3443 Belem‘am
1563 3428 1580 3453 ,

559 3470 754 3525 nostris
783 3475 970 3537 Alone,
1009 3472 1077 3525 de
1119 3490 1220 3544 qua
1267 3471 1402 3523 Plin.
1446 3471 1579 3524 Hist.

560 3554 682 3607 Nat.
701 3550 826 3613 XX,
851 3548 901 3613 5,
919 3568 962 3604 s.
995 3555 1076 3603 16.
1095 3554 1274 3604 ffistes
1291 3554 1579 3611 inuloe‚non

559 3632 682 3705 quia
709 3647 806 3683 suo
830 3626 1082 3701 adspectu
1109 3648 1172 3681 ac
1199 3640 1388 3682 natura
1423 3630 1580 3683 tristi-

559 3712 686 3765 tiam
701 3709 973 3770 adferunt,
985 3720 1043 3761 ut
1057 3708 1378 3779 Pomponius
1399 3710 1577 3774 sentit,

562 3790 654 3848 sed
689 3791 814 3862 qnia
857 3806 1054 3860 sapore
1100 3784 1258 3840 acido
1295 3801 1348 3843 et
1384 3793 1580 3844 acerbo

562 3881 709 3931 sunt,
737 3881 794 3922 ut
821 3870 979 3921 cristes
1005 3870 1163 3937 lupini
1185 3886 1214 3921 a
1247 3866 1480 3923 Marone
1498 3868 1582 3923 di-

563 3961 779 4011 cuutur,
805 3948 999 4019 Georg.
1019 3949 1071 4015 1,
1096 3968 1158 4019 71
1173 3988 1184 4000 .
1205 3951 1386 3999 Acidas
1413 3952 1577 4001 inulas

560 4042 714 4084 vocat
741 4028 870 4081 Hor.
897 4028 1008 4081 Sat.
1033 4028 1088 4079 11
1104 4068 1120 4092 ,
1145 4046 1191 4087 a,
1215 4034 1374 4092 44-
1389 4033 1577 4081 Fer-:elce

555 4130 652 4163 cur
671 4114 918 4173 minaces,
936 4106 1162 4161 diximus
1188 4105 1258 4160 ad
1279 4126 1325 4158 v.
1349 4126 1378 4159 a
1393 4124 1432 4159 t.
1449 4106 1574 4159 Fru-

1682 1258 1771 1300 tex
1805 1247 2029 1303 habetur
2064 1249 2201 1303 foliis
2240 1247 2469 1302 feniculo
2499 1249 2707 1311 similis,

1685 1327 1862 1398 specie
1884 1340 1936 1382 et
1956 1347 2054 1382 usu
2083 1327 2461 1395 arundinibus,
2484 1329 2707 1382 Germa-

1684 1406 1803 1473 niae,
1815 1419 1877 1460 ut
1890 1407 2213 1480 quibusdam
2229 1407 2461 1472 videtur,
2472 1408 2706 1479 ignotus.

1684 1485 1927 1540 Meminit
1946 1500 1999 1540 et
2018 1486 2204 1558 virgil.
2221 1487 2332 1540 Ecl.
2356 1487 2408 1539 X
2427 1526 2443 1554 ,
2462 1485 2547 1540 25.

1762 1583 1784 1617 1
1800 1585 1879 1635 19.
1926 1570 2145 1619 Mentha·
2191 1565 2307 1620 Riv.
2352 1595 2423 1608 -
2460 1570 2705 1618 Gramina

1684 1659 1880 1697 πεπτω.
1904 1653 2074 1699 lenta
2094 1685 2109 1710 ‚
2151 1649 2303 1718 cujus
2331 1646 2486 1699 varin
2504 1646 2705 1718 species

1682 1739 2078 1790 memorantur,
2118 1742 2147 1777 a
2188 1726 2383 1778 nostris
2424 1725 2705 1796 exponitur

1684 1811 1897 1858 Muneze.
1916 1805 2115 1858 Grecis
2132 1805 2425 1858 vocabatur
2438 1803 2703 1874 ἧδῦοσμος,

1682 1889 1968 1938 suaveolens
1983 1925 1999 1952 ,
2043 1883 2189 1957 quod
2243 1903 2441 1938 nomen
2484 1884 2701 1956 respicit

1682 1964 1918 2027 Plinius,
1940 1963 2073 2016 Hint.
2104 1964 2223 2016 Nat.
2240 1965 2377 2016 xlx
2392 2002 2409 2026 ,
2430 1964 2463 2015 8
2482 2003 2497 2029 ,
2520 1983 2560 2016 s.
2594 1970 2661 2032 47
2681 1983 2697 2017 ε

1680 2069 1707 2090 α
1733 2045 1929 2098 Mento
1982 2061 2181 2096 nomen
2235 2043 2468 2097 suavitas
2519 2041 2702 2096 odoris

1680 2122 1821 2194 apud
1850 2122 2065 2176 Graecos
2104 2125 2368 2186 mutavit,
2390 2139 2553 2194 quum
2574 2121 2705 2174 alio·

1678 2202 1771 2274 qui
1790 2201 1995 2255 mintha
2013 2213 2320 2264 vocaretur,
2338 2199 2481 2253 unde
2495 2212 2701 2254 veteres

1676 2279 1843 2332 nostri
1862 2297 2056 2332 nomen
2082 2278 2497 2338 declinaverunt.
2528 2279 2702 2332 Grato

1675 2372 1855 2414 menta
1892 2376 2101 2412 mensas
2140 2360 2305 2413 odore
2341 2360 2600 2431 percurrit
2638 2359 2701 2411 in

1676 2438 1881 2492 rusticis
1900 2437 2167 2509 dapibusn.

1752 2536 1867 2571 1²0.
1895 2520 2051 2569 Aneti
2074 2518 2125 2569 J.
2156 2516 2215 2569 B.
2241 2518 2301 2569 R.
2342 2518 2396 2569 J·
2426 2516 2475 2569 J·
2518 2516 2585 2569 Η.
2629 2522 2697 2572 Α.

1672 2596 1799 2667 Arg.
1824 2596 1923 2649 Gr.
1952 2594 2024 2648 G.
2048 2596 2121 2650 St.
2150 2626 2219 2637 —-
2236 2602 2372 2647 Bene
2394 2598 2695 2667 odor-aelfle-

1673 2698 1750 2729 κε
1768 2692 2071 2746 sparguntur
2090 2680 2273 2730 anethi.
2308 2681 2613 2747 sparguntur
2634 2679 2695 2731 h.

1672 2774 1721 2809 e.
1751 2754 2133 2827 disponuntur.
2169 2756 2253 2808 Ita
2277 2755 2484 2808 Colum.
2506 2757 2606 2821 xl,
2628 2757 2659 2809 3
2674 2794 2691 2819 ,

1672 2836 1759 2902 ²5,
1781 2838 2067 2905 dispergere
2082 2833 2230 2888 dixit.
2248 2834 2493 2888 Θεαῖε.-
2503 2835 2697 2890 Simili-

1670 2927 1751 2969 ter
1768 2915 1949 2979 Mare,
1975 2914 2085 2967 Ecl.
2110 2914 2166 2965 11
2186 2953 2201 2978 ,
2234 2914 2324 2977 48,
2352 2919 2535 2986 florem
2570 2918 2693 2966 bene

1669 2998 1846 3048 olentis
1865 2996 2038 3046 anethi
2060 2992 2205 3047 dicit.
2231 2993 2317 3046 Ad
2334 3012 2493 3065 quem
2512 2994 2691 3047 locum

1668 3074 1909 3146 Heynius
1930 3093 1943 3127 :
1965 3077 2209 3125 Anetlwm
2236 3086 2475 3126 nostrum
2502 3076 2623 3125 Tille
2644 3092 2687 3125 s.

1668 3158 1813 3215 Dine,
1832 3156 1943 3217 dia,
1964 3168 2110 3220 anet,
2136 3172 2249 3207 esse
2274 3164 2516 3226 putatur,
2538 3154 2688 3225 quod

1670 3246 1723 3287 et
1744 3234 1803 3285 in
1818 3232 2013 3286 nostris
2031 3233 2201 3286 hortis
2220 3234 2425 3301 visitur,
2446 3231 2574 3287 {lore
2600 3232 2692 3285 fla-

1668 3330 1751 3366 vo.
1780 3312 1937 3385 Apud
1966 3326 2236 3367 auctorem
2262 3314 2485 3378 Mureti,
2510 3332 2562 3366 v.
2596 3316 2689 3382 59,

1670 3404 1747 3447 est
1766 3418 1791 3439 ιι
1806 3407 1959 3447 vetus
1982 3391 2217 3446 adstricti
2244 3393 2397 3445 fascis
2422 3390 2694 3465 pendebat

1668 3470 1889 3525 anethi»
1912 3490 1927 3533 ς
1964 3465 2057 3523 ubi
2096 3486 2237 3523 vetus
2249 3472 2416 3541 fascis
2456 3470 2690 3539 indicat,

1668 3552 1835 3605 moris
1864 3550 2053 3617 fuisse,
2095 3550 2304 3604 aridum
2330 3570 2539 3605 servare
2566 3570 2691 3604 ane-

1668 3631 1819 3683 thum
1845 3629 1912 3683 ad
1939 3628 2267 3683 condiendos
2290 3630 2451 3683 cibos.

1744 3728 1857 3763 1²1.
1879 3712 2087 3761 Bac-clue
2102 3708 2149 3760 J.
2173 3714 2229 3761 Β.
2249 3711 2310 3762 R.
2339 3713 2508 3761 bacca·
2532 3710 2597 3761 D.
2626 3710 2685 3763 J.

1666 3793 1701 3845 J
1702 3832 1715 3846 .
1746 3790 1811 3843 H.
1832 3793 1895 3841 A.
1916 3792 2043 3861 Arg.
2062 3788 2133 3843 G.
2156 3794 2483 3842 -Palladioe
2493 3793 2683 3847 ὅπερ.

1664 3870 1817 3923 oliva
1828 3910 1843 3934 ,
1860 3870 2035 3922 baccae
2054 3868 2303 3937 Palladias
2319 3869 2540 3923 arboris.
2570 3868 2689 3921 Sin-

1664 3949 1917 4023 gulariter
1937 3952 2094 4000 bacea
2110 3948 2179 4002 de
2197 3949 2373 4003 fructu
2384 3950 2511 4001 oleae
2524 3966 2687 4000 usur-

1666 4042 1837 4101 patur.
1857 4028 2046 4099 virgil.
2070 4030 2260 4100 Georg.
2282 4028 2368 4093 11,
2392 4029 2529 4094 519:
2570 4052 2595 4073 ιι
2614 4038 2689 4079 te·

1664 4109 1801 4163 titur
1826 4108 2065 4179 Sicyonia
2108 4109 2267 4161 bacca
2304 4105 2521 4178 trapetis
2549 4132 2594 4173 υ,
2632 4120 2686 4159 et
