2964 4690
527 373 661 443 170
1043 325 1726 417 MAxlm‘iANus
1778 349 2103 416 ALTER

513 479 868 560 subjectas3
907 499 1120 565 neque
1171 479 1386 542 minus
1427 479 1495 542 in
1544 477 1917 543 Collectione
1960 478 2316 542 Pisaurensi
2352 479 2633 542 omnium

507 599 870 672 poematum
893 581 1478 672 etfiagmentorum
1505 585 1721 648 Latrim.
1747 600 1907 648 tom.
1932 583 2043 660 lv,
2070 607 2137 672 p.
2176 581 2314 668 ¹9⁵·

605 691 742 754 Alia
778 689 1148 754 Maximiani
1189 691 1472 755 carmina
1492 739 1512 772 ,
1548 689 1769 755 nescio
1802 688 1979 754 unde
2012 689 2309 778 cognita,
2342 687 2635 752 labbeus

518 795 680 860 Bibl.
727 817 896 860 nova
927 795 1515 884 Manuscriptorum
1532 843 1551 878 ,
1587 819 1731 886 pag.
1774 793 1899 878 63,
1932 810 2247 859 memorat
2266 841 2284 874 ,
2322 815 2507 882 supa
2542 817 2637 857 se-

516 912 758 964 nectuto
775 947 796 979 ‚
827 899 1111 988 rugulam
1133 903 1458 966 metricam
1474 949 1494 983 ,
1523 924 1779 965 carmen
1806 899 1886 965 de
1916 901 2156 964 virtuts
2178 910 2239 964 σε
2266 897 2533 979 inutilia,
2556 897 2641 961 de

517 1008 613 1070 ira
628 1055 648 1090 ,
665 1008 982 1096 pudentia
1013 1020 1204 1094 atque
1231 1009 1639 1072 avarz'te'ct.1n
1672 1006 1911 1094 quibus
1935 989 2201 1094 quidem
2230 1002 2393 1070 illud
2409 1051 2429 1085 ,
2454 1003 2637 1091 quod

517 1135 714 1202 super
755 1129 1090 1180 senectute
1131 1115 1446 1203 scriptum
1478 1113 1736 1196 dicitur,
1778 1115 1963 1179 facile
2000 1113 2257 1178 credam
2292 1135 2429 1176 esse
2463 1112 2637 1176 idem

519 1241 670 1284 cum
709 1219 924 1284 libello
973 1219 1338 1309 Elegiarum
1357 1268 1377 1302 ,
1431 1221 1614 1301 cujus
1664 1241 1917 1284 smnma
1968 1235 2067 1284 est
2114 1217 2372 1307 querela
2416 1216 2499 1281 de
2538 1239 2641 1282 se-

523 1339 784 1388 nectute
805 1371 826 1406 ,
883 1340 1108 1390 coetera
1158 1339 1376 1390 tamen
1429 1347 1565 1390 non
1623 1325 1743 1390 alia
1787 1324 2119 1406 videntur,
2168 1323 2293 1388 nisi
2344 1321 2643 1387 exercitia

522 1429 935 1494 Grammatici
963 1430 1066 1494 vel
1092 1430 1452 1498 scholastici
1493 1445 1697 1518 poetae
1716 1479 1735 1510 ,
1780 1429 1964 1510 eujus
1994 1429 2246 1518 generis
2276 1428 2467 1492 etiam
2485 1443 2645 1491 sunt

519 1557 742 1599 versus
761 1581 782 1614 ,
815 1536 926 1622 qui
961 1537 1026 1600 in
1060 1535 1292 1602 Pithoei
1325 1537 1717 1626 Epigramm.
1745 1552 1943 1603 veter.
1968 1536 2093 1600 sub
2123 1533 2491 1600 Maximiani
2519 1555 2645 1596 no-

525 1640 697 1703 mine
729 1640 896 1706 inter
921 1641 1050 1706 XII
1083 1659 1424 1729 poetarum
1449 1643 1977 1707 scholasticorum
2008 1640 2291 1706 carmina
2314 1639 2647 1728 leguntur,

524 1777 548 1800 a
575 1745 658 1810 de
688 1745 936 1810 ratione
970 1747 1200 1812 tabulae
1220 1797 1240 1832 ,
1277 1748 1344 1811 in
1387 1747 1712 1814 tumulum
1752 1747 2083 1812 Ciceronis
2114 1763 2183 1810 et
2212 1731 2493 1833 Virgilii,
2527 1740 2647 1806 de·

522 1851 785 1938 scriptio
816 1851 1006 1916 lridis
1027 1898 1046 1933 ,
1076 1852 1370 1942 imaginis
1402 1854 1470 1918 in
1506 1851 1719 1934 unda,
1749 1852 1957 1916 amnis
1986 1851 2187 1940 glacie
2216 1847 2535 1928 concreti,
2562 1846 2649 1912 de

527 1972 678 2020 ortu
709 1955 860 2022 solis
881 2003 900 2040 ,
925 1957 1006 2022 de
1035 1958 1232 2047 signis
1261 1959 1652 2040 caelestibus,
1678 1957 1761 2022 de
1790 1973 2071 2046 quatuor
2096 1954 2583 2044 tempestatibus
2596 1983 2647 2020 υ.

529 2063 680 2127 Falli
729 2063 928 2128 credo
974 2065 1029 2128 J.
1076 2066 1152 2128 A.
1203 2064 1569 2130 Fabricium
1618 2064 1689 2128 in
1728 2064 1892 2128 Bibl.
1938 2061 2109 2128 med.
2159 2077 2227 2126 et
2268 2061 2383 2124 inf.
2432 2060 2645 2124 latin.

527 2183 684 2232 tom.
709 2170 788 2250 V,
821 2191 888 2256 p.
931 2190 1052 2256 ¹79
1073 2215 1094 2250 ,
1125 2168 1240 2255 qui
1271 2169 1408 2232 haec
1438 2168 1722 2233 carmina
1749 2168 1965 2232 brevia
1991 2167 2227 2256 'pariter
2258 2165 2655 2232 Maximiano

529 2274 892 2363 Elegiarum
943 2274 1194 2338 auctori
1253 2273 1559 2340 adscribit
1586 2323 1605 2355 ,
1658 2274 2113 2362 diversumque
2166 2272 2249 2336 ab
2307 2271 2433 2336 hoc
2488 2286 2655 2359 puto

527 2396 786 2467 poetam
842 2380 1026 2443 illum
1089 2380 1543 2445 scholasticum
1568 2428 1585 2461 ,
1647 2378 1967 2467 siquidem
2026 2378 2489 2443 Maximianum
2536 2398 2658 2439 no-

527 2499 768 2562 strum,
808 2507 1004 2572 quem
1037 2485 1276 2551 scimus
1309 2485 1431 2550 sub
1466 2484 1875 2553 Theoderico
1906 2507 2057 2573 rege
2088 2500 2339 2548 mature
2367 2483 2659 2545 honores

530 2590 826 2678 publicos
855 2590 1098 2678 cepisse
1113 2637 1132 2672 ,
1171 2608 1238 2656 et
1269 2591 1637 2657 liberiorem
1663 2592 1857 2656 vitam
1884 2592 1953 2655 in
1981 2590 2324 2670 juventute
2352 2588 2619 2677 gessisse
2636 2636 2659 2663 ,

531 2718 664 2759 non
707 2696 1012 2761 credibile
1053 2712 1152 2763 est
1169 2745 1188 2778 ,
1236 2696 1304 2761 in
1347 2698 1579 2761 umbra
1610 2713 1675 2761 et
1714 2695 2230 2761 exercitamentis-
2258 2693 2661 2759 scholasticis

529 2818 786 2891 tempus
809 2806 1304 2892 consumpsisse.
1331 2804 1589 2892 Regula
1614 2806 1908 2886 nutrica,
1940 2826 2137 2891 quam
2168 2802 2465 2869 Labbeus
2487 2802 2665 2864 inter

531 2910 812 2973 carmina
851 2909 1224 2975 Maximiani
1261 2912 1492 2991 refert,
1527 2910 1863 2975 manifeste
1890 2924 2221 2973 auctorem
2258 2905 2663 2994 professione

535 3014 1042 3079 Grammaticum
1091 3014 1308 3103 prodit
1333 3064 1351 3092 ,
1405 3034 1471 3080 et
1520 3032 1685 3104 puto
1705 3064 1724 3098 ,
1770 3015 1961 3079 talem
2008 3013 2247 3077 librum
2298 3010 2663 3077 scholastici

533 3136 739 3205 poetae
756 3168 776 3199 ,
815 3120 972 3185 olim
1003 3122 1244 3185 lectum
1280 3122 1348 3184 in
1387 3122 1656 3205 scholis,
1691 3122 1891 3187 fuisse
1910 3169 1929 3202 ,
1962 3142 2159 3208 quem
2190 3116 2553 3183 Alexander
2576 3113 2665 3180 de

533 3224 678 3287 villa
711 3226 828 3289 Dei
863 3248 1066 3312 nugas
1097 3226 1495 3291 Maximiani
1512 3226 1849 3315 adpellavit
1866 3273 1885 3308 ,
1914 3242 1981 3290 et
2009 3248 2046 3289 e
2072 3225 2293 3289 schola
2320 3222 2663 3309 expulsum

535 3350 658 3393 suo
683 3331 1036 3395 Doctrinali
1061 3354 1480 3420 compensare
1501 3333 1727 3400 voluit.
1750 3334 1916 3397 Nam
1940 3332 1993 3396 si
2016 3328 2387 3395 Maximiani
2404 3326 2665 3391 Etrusci

539 3434 804 3499 Amores
852 3438 1168 3524 respexit,
1221 3437 1491 3526 disparis
1538 3440 1727 3528 plane
1768 3436 2015 3527 ingenii
2064 3452 2133 3501 et
2174 3432 2535 3524 argumenti
2582 3432 2667 3495 li·-

537 3538 730 3603 hrum
753 3587 772 3620 ,
809 3540 986 3605 nulla
1018 3542 1270 3609 ratione
1312 3566 1464 3609 eum
1510 3565 1883 3631 comparare
1920 3564 2071 3607 cum
2115 3562 2273 3621 suo,
2302 3552 2417 3603 aut
2446 3558 2671 3625 repre-

539 3644 824 3708 bendere
877 3645 1040 3710 adeo
1093 3651 1340 3738 potuit,
1393 3668 1468 3715 ut
1526 3652 1664 3733 ejus
1718 3652 1864 3715 loco
1918 3672 2111 3714 suum
2164 3648 2436 3727 librum,
2484 3666 2667 3709 mere

540 3750 1044 3815 Grammaticum
1064 3802 1081 3834 ,
1115 3756 1565 3844 reponendum
1598 3771 1868 3847 putaret.
1908 3757 2116 3845 Igitur
2148 3754 2299 3819 satis
2327 3750 2667 3843 probabile

543 3880 680 3920 esse
718 3856 1024 3940 arbitror,
1070 3858 1205 3925 duo
1237 3864 1432 3927 fuisse
1465 3864 1889 3929 Maximianus
1922 3862 2175 3950 scriptis
2206 3858 2497 3924 versibus
2532 3856 2667 3922 cla-

541 3983 666 4025 ros.
707 3962 858 4027 Haec
889 3980 1230 4053 postquam
1269 3971 1646 4057 scripseram
1670 4018 1687 4047 ,
1722 3968 1887 4033 Iusti
1924 3967 1975 4031 F
1978 3966 2275 4031 ontanini
2312 3964 2669 4030 Historiam

544 4065 705 4132 liter.
752 4068 964 4155 Aquil.
1007 4092 1134 4157 qua
1177 4071 1260 4137 de
1295 4074 1685 4140 Maximiano
1732 4073 1871 4137 fuse
1908 4071 2137 4159 agitur,
2172 4070 2423 4159 legens,
2454 4070 2671 4157 reperi
