2964 4690
532 348 672 420 308
1270 346 1914 416 PROOEMIUM

530 502 725 545 suum
757 478 969 545 obiter
1000 476 1463 566 significaverat
1489 476 1650 541 Bibl.
1679 476 1789 540 Gr.
1819 475 1926 541 lib.
1958 472 2036 553 V,
2069 496 2209 561 cap.
2245 472 2328 551 45
2351 520 2370 553 ‚
2401 494 2465 562 p.
2495 472 2655 561 539,

529 602 793 651 strenue
824 583 1131 671 deinceps
1164 598 1391 647 contra
1424 603 1576 647 eum
1609 580 1919 671 pugnavit
1945 579 2108 643 Bibl.
2145 579 2282 643 Lat.
2330 593 2487 643 tom.
2521 582 2612 645 ΙΙΙ
2639 630 2657 659 ,

528 713 594 780 p.
619 690 769 777 273,
790 706 855 755 et
876 706 925 754 t.
948 689 1068 769 ΠΙ,
1094 710 1157 776 p.
1194 686 1322 752 253
1350 686 1504 751 edit.
1529 688 1683 751 Ern.
1717 687 1986 774 aliisque
2015 684 2084 747 in
2110 684 2268 749 locis
2303 684 2422 772 (1).
2456 686 2659 765 Cujus

530 796 799 885 quidem
810 794 1208 883 argumentis
1221 792 1522 858 nondum
1533 815 1601 857 se
1615 793 1860 875 victum
1881 791 2212 881 professus
2227 806 2327 855 est
2337 791 2662 857 Heuman-

528 924 655 967 nus
702 902 771 964 in
816 900 1026 965 Poecil.
1068 915 1111 962 t.
1148 900 1212 979 1,
1249 922 1315 987 p.
1350 896 1474 965 255
1510 920 1690 986 seqq.
1723 915 1790 963 et
1833 914 1878 963 t.
1916 897 2056 977 ΙΙΙ,
2099 897 2210 961 lib.
2251 898 2348 979 ΙΙ,
2403 918 2470 985 p.
2511 896 2656 961 215.

530 1009 713 1073 Alter
758 1006 817 1071 ei
856 1002 1248 1071 contradixit
1292 1004 1590 1093 Theoph.
1627 1004 1856 1093 Sigefr.
1888 1007 2168 1092 Bayerus
2209 1000 2341 1089 (2),
2382 1003 2492 1067 cui
2525 1003 2663 1091 ipse

530 1113 835 1179 nonnihil
890 1110 1226 1201 respondit
1267 1112 1337 1175 in
1390 1111 1578 1177 Praef.
1614 1110 1698 1175 ad
1744 1111 1922 1174 Lact.
1959 1112 2178 1199 S'ymp.
2223 1113 2258 1189 S
2296 1108 2478 1174 XIII.
2517 1109 2663 1197 Ipse

532 1221 863 1285 Gesner-us
882 1266 901 1301 ,
948 1217 1063 1306 qui
1108 1218 1502 1283 Heumanno
1533 1215 1962 1306 adstipulatus
1992 1215 2352 1295 videbatur,
2391 1215 2556 1281 adeo
2590 1232 2666 1279 ut

531 1324 827 1415 prooemii
860 1324 1121 1388 initium
1152 1323 1239 1388 ad
1270 1321 1736 1388 sublevandam
1769 1321 2137 1387 Heumanni
2164 1322 2550 1386 sententiam
2577 1321 2666 1385 ita

532 1430 938 1495 emendaret:
968 1428 1107 1493 Hoc
1136 1450 1383 1518 quoque
1404 1426 1806 1515 Symposium
1823 1428 1904 1491 de
1927 1428 2202 1493 carmine
2225 1426 2398 1491 lusus
2417 1426 2628 1515 inepto
2641 1452 2668 1507 ‚-

528 1553 678 1625 post
704 1552 916 1601 tamen
950 1535 1019 1625 in
1052 1534 1389 1599 Thesauro
1418 1535 1660 1624 linguae
1691 1534 1933 1599 Latinae
1957 1534 2294 1623 aenigmata
2335 1532 2442 1597 illa
2481 1554 2670 1595 num-

532 1664 729 1729 quam
750 1640 875 1704 sub
894 1640 1202 1705 Lactantii
1218 1687 1237 1722 ,
1258 1660 1516 1729 semper
1533 1638 1658 1704 sub
1679 1638 2002 1729 Symposii
2019 1638 2291 1703 nomine
2311 1637 2532 1703 citavit
2553 1636 2666 1725 (3).

532 1746 619 1809 Et
650 1747 749 1830 Jo.
783 1744 972 1809 Laur.
1012 1744 1381 1811 Moshemio
1424 1744 1812 1809 sententiam
1850 1744 2226 1809 Heumanni
2275 1745 2494 1807 minus
2531 1744 2670 1833 pla-

532 1850 780 1931 cuisse,
810 1872 849 1914 e
880 1851 1215 1917 Thesauro
1249 1850 1524 1939 Epistol.
1555 1853 1816 1916 Lacroz.
1849 1866 2008 1915 tom.
2043 1852 2111 1933 1,
2161 1872 2310 1939 pag.
2352 1849 2670 1937 293-295,

534 1972 603 2021 et
644 1972 804 2021 tom.
851 1956 916 2019 11
941 2004 960 2037 ,
1005 1978 1149 2045 pag.
1204 1956 1323 2021 165
1369 1956 1640 2047 intelligi
1677 1974 1914 2046 potest.
1973 1958 2276 2045 Denique
2314 1957 2414 2020 Jo.
2447 1955 2671 2021 Fride·

534 2062 707 2126 ricus
752 2063 1083 2149 Heynatz‚
1138 2061 1446 2149 elegantis
1500 2061 1814 2128 doctrinae
1861 2063 1990 2143 vir,
2037 2062 2152 2151 qui
2198 2080 2463 2129 centum
2513 2062 2672 2125 aeni-

535 2182 745 2257 gmata
778 2166 1101 2253 Symposii
1138 2182 1289 2229 ante
1324 2168 1576 2252 aliquot
1601 2189 1808 2231 annos
1837 2168 2061 2231 denuo
2093 2170 2398 2257 castigata
2427 2184 2494 2232 et
2523 2168 2674 2231 illu·

536 2286 729 2335 strata
753 2269 989 2348 edidit,
1014 2270 1349 2334 sententiae
1376 2270 1785 2351 Heumanni‚
1819 2274 2218 2364 argumentis
2248 2274 2384 2354 ejus
2413 2272 2674 2338 diluen-

536 2377 636 2440 dis
667 2425 684 2458 ,
745 2376 1079 2464 derogavit
1106 2423 1125 2455 ‚
1185 2391 1522 2463 totamque
1591 2378 2046 2442 coutroversiae
2111 2377 2281 2443 illius
2339 2378 2674 2444 historiam

541 2481 841 2570 exposuit
879 2481 948 2544 in
995 2481 1243 2545 Praefat.
1280 2480 1363 2566 ad
1410 2479 1696 2571 AEnigm.
1729 2505 1875 2571 pag.
1921 2481 1959 2546 5
2007 2505 2186 2572 seqq.
2223 2485 2308 2548 Et
2337 2483 2674 2550 fatendum

609 2746 691 2813 (1)
724 2745 789 2797 In
819 2743 1035 2816 Syllabo
1067 2743 1416 2816 scriptorum,
1454 2744 1549 2816 qui
1577 2743 1847 2798 veritatem
1875 2743 2144 2817 religionis
2183 2743 2504 2800 Christiano
2531 2743 2680 2797 adse·

542 2843 794 2899 ruerunt,
827 2850 947 2904 cap.
980 2829 1041 2897 5,
1074 2832 1105 2898 S
1128 2832 1195 2897 8,
1230 2851 1280 2903 p.
1306 2831 1441 2902 ²39,
1472 2845 1594 2885 tum
1615 2832 1672 2885 in
1699 2833 1834 2906 Bibl.
1867 2833 1982 2886 Lat.
2021 2831 2182 2886 medii
2209 2833 2364 2900 evii,
2408 2846 2540 2886 tom.
2571 2833 2678 2896 tv,

540 2939 662 2993 1⁸3
688 2921 809 2988 693·

612 3011 693 3078 (a)
726 3007 791 3060 In
812 3006 1043 3107 Epistola
1062 3006 1227 3059 Novis
1248 3005 1490 3060 literar-iis
1510 3007 1860 3078 lipsiensibus
1886 3009 2011 3062 anni
2033 3008 2678 3080 1720,p.155,imm·,

544 3097 813 3168 alteraque
855 3095 911 3147 in
957 3091 1392 3164 Norimbergensi
1427 3093 1644 3166 Sylloge
1694 3113 1832 3148 nova
1877 3094 2270 3167 Epistularum,
2327 3097 2417 3149 lib.
2463 3099 2522 3163 1,
2555 3115 2682 3168 pag.

548 3183 613 3236 25
652 3201 801 3254 seqq.

616 3270 695 3337 (3)
732 3267 813 3321 Ad
852 3283 1009 3322 voces
1050 3269 1316 3336 caligaris,
1366 3271 1465 3330 de,
1527 3273 1816 3337 graphium,
1867 3272 2091 3339 suigilis,
2136 3273 2426 3340 ympon'um
2474 3271 2684 3342 ablegat

545 3357 595 3410 J.
636 3357 721 3408 Fr.
754 3361 981 3421 Hermes
1018 3355 1085 3408 V.
1131 3359 1189 3408 C.
1228 3355 1297 3409 de
1331 3374 1440 3428 quo
1476 3373 1599 3408 mox
1637 3355 1836 3412 dicam.
1878 3358 2064 3412 Nescio
2091 3359 2248 3414 etiam
2269 3377 2340 3412 an
2361 3359 2496 3412 serio
2519 3359 2686 3430 egerit

550 3447 927 3500 Bi‘memannns
944 3485 961 3512 ,
980 3445 1034 3498 in
1060 3455 1187 3498 nota
1212 3443 1361 3500 initio
1388 3445 1652 3518 Symponii
1679 3447 1938 3502 Lactantii
1971 3447 2238 3519 subjecta,
2261 3447 2360 3510 ,ubi
2384 3467 2442 3501 se
2465 3467 2496 3500 e
2525 3449 2686 3519 primi

548 3551 729 3588 versun
750 3552 880 3588 voce
906 3537 1018 3586 lusit
1039 3533 1212 3606 ipsum
1241 3534 1451 3587 luzuum
1478 3533 1672 3588 borum
1705 3537 2162 3609 Symposiacorum
2195 3548 2464 3590 auctorem
2489 3549 2686 3608 procu·

550 3620 677 3674 dere
698 3622 799 3688 ait,
816 3621 918 3674 hoc
936 3613 1127 3674 modo:
1150 3648 1175 3668 α
1191 3621 1306 3674 Hoc
1325 3641 1544 3696 quoqne
1569 3623 1906 3697 Symposium
1927 3623 1994 3677 de
2017 3625 2254 3677 carmine
2269 3623 2419 3678 Lucii
2439 3625 2618 3696 inepto
2633 3651 2658 3672 a
2671 3665 2692 3690 ,

552 3709 610 3764 id
642 3719 715 3762 eat
736 3751 750 3775 ‚
788 3709 915 3763 Hac
948 3701 1162 3781 quoque
1197 3721 1411 3764 centum
1452 3713 1830 3784 epigrammata
1860 3725 1980 3765 sunt
2006 3731 2132 3785 pars
2162 3712 2228 3766 de
2256 3713 2408 3766 Lucii
2444 3713 2694 3782 (cecilii

551 3797 835 3866 Lactantii)
870 3799 1100 3850 carmine
1123 3799 1305 3870 inepto
1332 3799 1611 3872 Symposii.
1637 3801 1792 3853 Certe
1816 3800 1930 3854 hac
1955 3801 1995 3855 si
2027 3802 2288 3874 scriptura
2314 3801 2435 3854 satia
2459 3802 2694 3872 probata

553 3899 686 3940 emet
704 3927 721 3952 ,
756 3897 912 3957 atque
941 3885 1075 3938 bene
1104 3885 1228 3939 inde
1256 3887 1453 3940 Lucius
1473 3887 1728 3959 Apuleius
1751 3901 1935 3942 auctor
1961 3889 2296 3963 aenigmatum
2317 3889 2700 3954 conficeretur,

552 3993 709 4046 quem
734 3977 931 4046 griphos
956 3984 1008 4026 et
1030 3976 1306 4026 convivales
1331 3977 1623 4042 qna-stiones
1644 3975 1935 4049 scripsisse,
1971 3989 2086 4030 tum
2115 3977 2230 4050 ipae
2249 3975 2504 4048 Apuleius
2524 3987 2702 4029 testa-

551 4077 635 4116 tur
658 4063 852 4120 mon-id.
880 4081 933 4135 p.
968 4063 1071 4126 346
1098 4063 1227 4118 edit.
1252 4065 1498 4118 Elmenh.
1528 4076 1639 4119 tum
1663 4066 2216 4132 Macrobina‚S·turn.
2239 4067 2370 4130 vn,
2389 4083 2438 4117 c.
2463 4065 2494 4117 3
2515 4079 2656 4120 extr.
