2964 4690
560 396 688 490 171.
1105 389 1611 459 sunsmls
1672 389 2118 458 EDENDO

545 522 891 589 Santenius
939 536 1242 609 praeterea
1296 517 1725 608 suppeditavit
1768 517 1928 582 mihi
1940 519 2388 583 =C0ssationem
2422 520 2663 586 codicis

545 631 732 693 Bern.
777 622 1207 691 Rottendorfii
1235 624 1322 687 -in
1375 622 1650 688 membr.
1698 619 1780 686 ad
1822 619 2174 688 editionem
2206 625 2475 707 Catulli,
2515 626 2664 691 Tib.

545 735 737 824 Prop.
787 731 983 798 Paris.
1039 729 1245 818 17533
1291 731 1448 794 item
1484 729 1795 817 Excerpta
1825 729 2223 794 Variantium
2260 751 2340 794 ex
2381 731 2506 795 alio
2548 754 2664 796 co-

546 841 688 906 dice
731 862 866 903 non
917 837 1253 900 nominato
1275 886 1292 919 ,
1345 857 1489 926 quae
1538 831 1871 924 adscriptae
1916 851 2100 899 erant
2134 835 2318 900 Gallo
2362 835 2663 902 editionis

543 949 791 1012 Hanov.
836 942 1002 1009 1618
1027 944 1102 1006 ‘in
1137 942 1482 1032 exemplari
1500 989 1521 1024 ,
1556 940 1736 1030 quod
1762 941 1917 1006 olim
1954 941 2267 1007 Gronovii
2294 943 2455 1026 fuit,
2491 960 2558 1008 et
2590 945 2660 1007 in

545 1054 681 1136 ejus
707 1051 1022 1118 librorum
1047 1049 1346 1114 auctione
1377 1061 1691 1136 emptum.
1720 1045 1988 1112 Addidit
2012 1047 2291 1137 denique
2315 1063 2383 1113 et
2404 1071 2663 1114 mecum

543 1135 1166 1226 communicavit‘Cl.
1191 1154 1533 1221 Santenius
1558 1154 1783 1220 Richei
1804 1177 1945 1220 van
1972 1155 2297 1222 Ommeren
2309 1205 2330 1238 ‚
2358 1157 2479 1221 viri
2514 1181 2663 1222 eru-

542 1265 877 1347 ditissimi,
916 1261 1202 1327 Rectoris
1234 1259 1466 1325 scholae
1500 1259 2135 1344 Amstelodamensis,
2169 1261 2663 1328 Observationes

545 1388 610 1436 et
641 1371 1060 1452 conjecturas
1075 1366 1146 1430 in
1169 1365 1667 1448 Maximianum,
1698 1365 2007 1455 singulari
2033 1365 2101 1429 in
2138 1365 2406 1448 scheda,
2442 1367 2663 1432 nescio

541 1501 579 1543 a
623 1497 793 1566 qun,
833 1474 1136 1563 scriptas,
1186 1495 1330 1560 quae
1373 1487 1589 1536 tamen
1635 1469 1989 1535 admodum
2032 1471 2257 1536 breves
2299 1469 2489 1556 sunt,
2539 1495 2665 1538 nec

541 1585 676 1648 fere
707 1579 883 1645 aliud
917 1578 1078 1667 quid
1100 1626 1121 1660 ,
1159 1599 1352 1666 quam
1385 1576 1931 1665 comparationem
1978 1575 2277 1640 similium
2322 1577 2615 1642 locorum
2639 1627 2659 1660 ,

543 1711 710 1777 quos
747 1684 1027 1775 respexit
1059 1683 1160 1748 vel
1191 1683 1478 1748 imitatus
1512 1697 1609 1747 est
1642 1680 2067 1746 Maximianus
2086 1729 2105 1763 ,
2139 1683 2493 1748 continent.
2530 1684 2661 1748 Sed

541 1791 837 1882 inprimis
874 1789 1034 1854 mihi
1077 1789 1199 1854 hac
1237 1789 1306 1852 in
1351 1811 1549 1878 opera
1592 1787 2025 1852 conferendus
2058 1788 2183 1854 fuit
2226 1791 2323 1854 Jo.
2372 1787 2665 1854 Hildebr.

540 1895 894 1964 Withofius
915 1945 933 1978 ,
983 1895 1096 1983 qui
1143 1895 1212 1958 in
1261 1895 1585 1959 Encoeniis
1635 1893 1910 1975 criticis,
1968 1893 2231 1958 Vesaliae
2273 1916 2449 1959 anno
2496 1900 2657 1982 1741

541 2001 763 2086 editis,
805 2002 954 2067 libri
999 2001 1096 2066 111
1129 2022 1268 2090 oep.
1313 1999 1352 2065 3
1390 2015 1454 2064 et
1499 2002 1541 2076 4
1576 1999 1781 2064 multa
1822 1999 2195 2065 Maximiani
2243 2001 2381 2064 loca
2436 2021 2663 2065 emen-

539 2109 737 2176 dandi
770 2123 835 2172 et
865 2103 1226 2171 illustrandi
1257 2103 1472 2168 studio
1503 2105 1913 2192 perstrinxit3
1951 2105 2064 2195 qui
2098 2122 2311 2170 tamen
2335 2153 2352 2188 ‚
2384 2105 2499 2170 nbi
2533 2107 2668 2195 ple-

539 2237 817 2303 rumque
859 2212 1158 2278 liberiore
1207 2209 1354 2276 crisi
1394 2210 1623 2292 utitur,
1656 2211 1841 2298 plura
1874 2211 2015 2276 loca
2053 2215 2295 2276 temere
2328 2213 2623 2278 sollicitat
2641 2262 2661 2295 ,

539 2336 609 2388 et
640 2318 945 2385 audacius
981 2315 1247 2406 corrigit
1265 2364 1282 2398 ‚
1316 2315 1744 2404 inprimisque
1796 2337 2005 2381 naevos
2052 2339 2277 2383 omnes
2302 2366 2321 2400 ‚
2364 2317 2662 2410 scriptori

537 2427 642 2492 isti
669 2426 749 2503 ab
781 2438 964 2489 aetate
986 2444 1100 2487 sua
1127 2438 1191 2487 et
1211 2421 1523 2487 latinitate
1549 2423 1951 2509 corruptiore
1978 2422 2374 2489 adhaerentes
2390 2473 2409 2507 ,
2432 2440 2659 2491 contra

538 2546 942 2597 vetustorum
967 2527 1428 2617 exemplarium
1451 2525 1644 2591 fidem
1667 2528 1889 2592 tollere
1909 2544 2174 2594 conatus
2192 2578 2209 2611 ,
2236 2552 2381 2595 raro
2403 2551 2438 2594 a
2465 2531 2659 2594 nobis

539 2638 880 2727 impetrare
915 2634 1164 2723 potuit,
1202 2648 1278 2697 ut
1312 2634 1448 2714 ejus
1481 2633 1752 2697 consilio
1780 2648 2131 2699 uteremur.
2156 2637 2401 2725 Optimi
2430 2658 2663 2699 manu-

534 2742 754 2831 scripti
797 2742 1001 2804 instar
1037 2740 1200 2803 mihi
1245 2740 1369 2803 fuit
1411 2738 1611 2804 editio
1646 2756 2011 2828 pervetusta
2050 2740 2424 2807 Germanica
2460 2763 2657 2831 supra

533 2848 862 2913 luculente
892 2846 1005 2911 abs
1039 2867 1146 2909 me
1172 2843 1491 2933 descripta
1507 2893 1526 2927 ,
1552 2868 1745 2933 quam
1770 2846 2127 2911 recensioni
2154 2844 2313 2912 meae
2338 2864 2659 2937 perpetuo

532 2953 822 3019 adhibui.
868 2953 966 3017 Ex
1015 2950 1408 3016 editionibus
1453 2952 1715 3040 reliquis
1766 2954 2041 3017 maxime
2074 2955 2372 3020 consului
2410 2956 2657 3019 Planti-

534 3062 790 3123 nianam
824 3056 1073 3122 Theod.
1111 3056 1490 3139 Pulmanni‚
1532 3058 1835 3146 Antverp.
1879 3057 2079 3145 1569,
2110 3059 2285 3123 in-12
2306 3108 2323 3142 ‚
2356 3075 2421 3125 et
2448 3061 2657 3127 varias

535 3164 840 3228 lectiones
867 3161 950 3226 ab
978 3159 1206 3226 eodem
1232 3185 1271 3226 e
1295 3162 1495 3225 veteri
1524 3162 1747 3227 codice
1780 3160 2126 3252 descriptas
2156 3180 2223 3229 et
2249 3166 2517 3255 margini
2544 3165 2662 3230 ad-

533 3270 770 3358 positas
793 3317 811 3351 ‚
836 3288 1033 3357 quem
1066 3267 1134 3330 in
1164 3266 1651 3355 praefatiuncula
1679 3268 1835 3333 dicit
1868 3291 1936 3333 se
1966 3293 2043 3335 ex
2073 3272 2337 3336 Ioannis
2378 3272 2653 3360 Gor-opii

531 3375 762 3440 Becani
805 3373 1198 3441 bibliotheca
1244 3372 1586 3457 habuisse3
1622 3391 1761 3441 tum
1797 3376 2187 3443 Pithoeanam
2228 3378 2294 3441 in
2330 3380 2547 3467 Epigr.
2582 3396 2657 3445 et

529 3480 752 3543 Poem.
783 3496 979 3546 veter.
1027 3495 1093 3545 et
1137 3478 1427 3544 Goldasti
1468 3480 1538 3543 in
1572 3480 1749 3545 Erot.
1790 3496 1867 3559 et·
1895 3484 2106 3546 Amat.
2148 3506 2366 3571 opusc.
2408 3484 2649 3549 Ovidii.

529 3582 836 3648 Fundum
871 3598 1088 3648 autem
1121 3583 1514 3647 recensionis
1550 3607 1706 3648 meoe
1735 3586 1925 3675 posui
1960 3588 2459 3651 recentissimam
2491 3588 2651 3654 edit.

529 3684 938 3777 Bipontinam
960 3736 979 3769 ,
1025 3688 1210 3775 1783.
1245 3690 1320 3752 In
1357 3688 1495 3777 ipsa
1528 3693 1899 3755 recensione
1922 3708 1987 3755 et
2010 3693 2451 3780 explanatione
2482 3695 2651 3761 nihil

527 3796 662 3859 fere
691 3790 864 3857 aliud
897 3816 1082 3884 agere
1117 3813 1374 3861 necesse
1407 3795 1567 3877 fuit,
1610 3818 1805 3885 quam
1836 3814 1911 3862 ut
1945 3797 2302 3863 multifariae
2335 3799 2649 3866 lectiones

527 3900 934 3965 librariorum
981 3900 1226 3965 incuria
1271 3915 1336 3965 et
1383 3903 1741 3967 temeritate
1787 3905 2055 3969 invectas
2073 3954 2091 3988 ‚
2132 3904 2649 3994 expenderentur

526 4022 733 4087 recte,
766 4021 830 4069 et
865 4020 1076 4070 textus
1111 4022 1352 4094 poetae,
1393 4008 1670 4071 multum
1705 4031 1777 4071 ea
1813 4010 2112 4075 varietate
2138 4010 2513 4093 distractus,
2546 4013 2647 4078 le·

525 4112 738 4175 ctione
767 4111 1041 4174 maxime
1071 4110 1384 4199 probabili
1406 4111 1671 4178 inducta
1698 4132 2234 4204 componeretur-3
2256 4116 2337 4180 ad
2366 4118 2647 4183 illustra-
