2964 4690
766 354 1419 425 AENIGMATUM
1471 354 1976 423 SYMPOSII.
2289 352 2433 449 329

305 487 629 551 literarum
680 484 1019 575 distinguit
1037 534 1056 569 ,
1109 486 1532 575 Anglicorum
1575 484 1817 549 scilicet
1859 486 2056 548 trium
2078 534 2097 567 ,
2147 504 2431 572 quorum

305 594 551 683 primus
568 638 589 673 ,
626 592 697 655 in
736 590 1123 658 bibliotheca
1163 594 1359 683 Regia
1392 592 2076 659 westmonasteriensi
2112 606 2433 670 servatus,

304 697 861 787 praestantissimus
888 700 1494 787 vetustissimusque
1517 712 1644 779 est,
1658 697 1858 762 literis
1877 700 1954 761 A.
1977 698 2046 761 B.
2073 698 2144 761 C.
2169 694 2436 786 Lugdu·-

306 804 605 869 nensium
639 804 873 892 prioris
914 821 979 868 et
1014 806 1391 892 posterioris
1423 804 1624 870 literis
1656 806 1736 869 D.
1775 818 1844 868 et
1871 804 1946 867 E.
1989 803 2302 867 Praeterea
2323 822 2441 889 per

290 925 523 974 ¹notam
549 910 622 973 P.
652 908 943 974 codicem
964 958 981 991 ,
1012 934 1049 975 e
1072 934 1207 1000 quo
1228 912 1465 976 Pithoei
1490 909 1692 976 editio
1711 911 1902 993 facta,
1937 908 2116 973 Cam.
2143 908 2436 973 codicem

305 1016 683 1099 Camerarii,
709 1016 851 1079 Per.
884 1018 1175 1083 codicem
1202 1018 1523 1098 Perionii,
1553 1017 1736 1083 Caus.
1765 1016 2116 1081 editionem
2135 1014 2400 1080 Causini
2419 1062 2438 1095 ‚

305 1122 369 1185 in
412 1145 545 1209 qua
584 1123 933 1187 nonnullas
972 1124 1355 1189 variationes
1398 1122 1830 1213 deprehendit
1846 1170 1864 1203 ,
1908 1144 2026 1211 per
2065 1121 2158 1208 gl.
2198 1120 2438 1209 glossas

307 1227 652 1319 significat,
690 1254 851 1318 quas
888 1230 1223 1296 codicibus
1258 1230 1521 1296 duobus
1553 1231 1924 1321 Anglicanis
1961 1229 2308 1317 adscriptas
2341 1248 2441 1290 re·

308 1335 489 1421 perit.
516 1335 697 1418 Quas
722 1337 911 1427 siglas
939 1340 1073 1402 sive
1096 1352 1281 1403 notas
1306 1338 1389 1402 ab
1410 1336 1805 1403 Heumanno
1827 1335 2145 1400 adhibitas
2169 1354 2290 1423 ego
2315 1332 2445 1395 hoc

308 1441 445 1505 loco
482 1462 855 1529 proponere
890 1459 956 1508 et
981 1443 1343 1532 significare
1377 1443 1728 1509 lectoribus
1757 1442 1916 1507 meis
1941 1441 2158 1521 volui,
2193 1438 2346 1527 quia
2371 1438 2440 1499 in

310 1545 655 1633 repetenda
697 1549 1001 1613 varietate
1045 1549 1405 1613 lectionum
1462 1546 1692 1612 iisdem
1749 1565 1990 1611 usurus
2046 1566 2214 1609 sum.
2263 1544 2444 1607 Heu*

311 1650 528 1713 manni
582 1653 971 1717 sententiam
1028 1653 1109 1717 de
1162 1671 1429 1719 auctore
1474 1653 1924 1743 AEnigmatum
1974 1664 2292 1739 sequutus
2343 1648 2441 1711 Io.

311 1754 597 1825 Hildebr.
642 1756 997 1822 Withofius
1042 1760 1355 1823 Lactantii
1396 1758 1816 1847 Symposium
1863 1759 2066 1822 ferme
2103 1770 2321 1819 totum
2363 1753 2446 1816 il-

312 1861 643 1944 lustrasse,
675 1862 869 1927 simul
904 1864 988 1928 de
1020 1864 1333 1953 sapientia
1372 1866 1771 1953 aenigmatica
1806 1864 1874 1928 in
1911 1864 2290 1926 universum
2313 1859 2454 1925 dis-

312 1966 585 2030 seruisse
632 1965 875 2031 dicitur
930 1968 1001 2031 in
1056 1969 1490 2033 Relatiom'bus
1526 1968 2090 2055 Datis-burgensibus
2125 1990 2180 2031 a.
2240 1968 2406 2053 1744
2427 2012 2446 2047 ,

314 2096 375 2135 n.
418 2073 493 2135 51
538 2095 675 2160 seq.
721 2072 890 2160 1746
926 2090 992 2137 et
1036 2079 1238 2161 1747,
1274 2098 1341 2139 n.
1380 2098 1450 2155 2,
1489 2092 1654 2141 teste
1691 2074 1787 2138 Cl.
1826 2072 2347 2138 Leindenfrostio
2379 2072 2448 2134 in

313 2178 619 2242 Oratione
653 2177 956 2260 funebri,
990 2202 1055 2267 p.
1091 2177 1174 2244 58
1195 2228 1214 2262 ,
1248 2196 1324 2245 ut
1358 2181 1584 2244 scribit
1613 2179 1987 2267 Christoph.
2018 2178 2242 2243 Saxius
2270 2176 2349 2240 V.
2375 2179 2447 2241 C.

314 2284 375 2347 in
428 2284 772 2350 Onomast.
820 2285 987 2352 liter.
1039 2302 1197 2352 tom.
1233 2286 1299 2369 Ι,
1344 2308 1489 2377 pag.
1542 2286 1689 2372 389.
1737 2286 1946 2350 Etiam
1987 2286 2088 2351 Jo.
2121 2281 2447 2370 Ludolph.

316 2393 817 2458 Bfmemannum
864 2393 945 2459 ad
985 2393 1479 2482 perpoliendum
1504 2443 1523 2476 ,
1559 2397 1726 2460 forte
1771 2393 1963 2459 etiam
1995 2392 2218 2458 denuo
2251 2389 2452 2454 eden·

317 2495 473 2561 dum
495 2545 514 2580 ,
550 2498 968 2587 Symposium
1012 2502 1305 2564 animum
1350 2499 1674 2589 adpulisse
1695 2549 1712 2583 ‚
1761 2500 1945 2565 licuit
1981 2499 2140 2562 mihi
2181 2521 2216 2562 e
2261 2498 2450 2586 Sym·

316 2603 479 2690 posii
508 2604 988 2669 Heumanniani
1018 2606 1315 2694 exemplo
1341 2605 1703 2696 perspicere
1721 2654 1738 2689 ‚
1765 2605 1944 2694 quod
1967 2605 2034 2669 in
2061 2603 2454 2668 bibliotheca

317 2707 607 2798 Georgiae
654 2713 959 2798 Augustae
1005 2727 1318 2792 servatur,
1364 2727 1429 2776 et
1474 2733 1732 2776 mecum
1775 2710 2240 2774 humanissime
2276 2729 2455 2771 com-

318 2816 723 2880 municatum
752 2832 866 2882 est.
902 2819 1025 2882 Cui
1055 2821 1351 2907 exemplo
1376 2821 1444 2882 in
1478 2818 1700 2883 charta
1723 2839 1886 2905 pura
1913 2816 2182 2905 singulis
2205 2815 2454 2903 paginis

318 2921 651 3003 interjecta
689 2921 1022 3012 adscripta
1068 2941 1252 2990 erant
1290 2926 1570 3014 copiosae
1609 2923 2097 3004 adnotationes,
2135 2920 2456 2984 subitarias

319 3027 439 3090 inae
481 3027 749 3115 quidem
784 3046 849 3093 et
881 3031 1021 3095 sine
1052 3053 1207 3096 cura
1239 3032 1460 3096 effusae
1482 3079 1502 3113 ,
1541 3029 1656 3096 sed
1701 3029 1902 3093 multa
1951 3027 2316 3120 eruditione
2353 3047 2459 3090 re·

322 3131 537 3208 sertae,
593 3133 1019 3222 inprimisque
1074 3135 1373 3201 selectam
1423 3136 1808 3200 latinitatem
1849 3132 2172 3223 Symposii
2207 3153 2286 3196 ex
2319 3131 2458 3196 aliis

324 3253 663 3302 auctorum
687 3287 705 3320 ,
758 3262 923 3328 saepe
964 3242 1151 3304 etiam
1206 3241 1516 3306 Lactantii
1537 3290 1556 3324 ‚
1609 3241 1764 3306 locis
1811 3241 2200 3304 illustrantes
2221 3286 2238 3319 ,
2295 3260 2455 3325 quas

324 3344 587 3431 quidem
625 3362 700 3409 ut
731 3347 1059 3412 crederem
1096 3351 1592 3413 Biinemannum
1627 3365 1961 3414 auctorem
1995 3346 2234 3411 habere
2256 3394 2274 3427 ,
2306 3367 2457 3433 per-

326 3451 525 3515 multa
571 3453 841 3518 fuerunt
859 3504 877 3536 ,
932 3477 1075 3541 quae
1122 3454 1283 3518 mihi
1332 3453 1814 3543 persuaderent.
1865 3453 2330 3516 Recentissime
2376 3450 2457 3514 de

326 3556 663 3645 Symposio
688 3558 857 3622 bene
886 3560 1153 3624 meritus
1183 3577 1279 3623 est
1301 3559 1417 3622 Vir
1443 3559 1658 3622 Celeb.
1688 3559 1786 3622 Jo.
1818 3555 1994 3620 Frid.
2026 3557 2418 3645 Heynatzius
2436 3604 2456 3636 ,

327 3663 605 3727 editione
661 3687 825 3728 nova
876 3665 1133 3729 Centum
1178 3668 1628 3752 AEuigmatum
1683 3678 1996 3743 veterum,
2041 3665 2338 3727 Francos.
2375 3661 2458 3734 ad

326 3767 547 3834 Viadr.
578 3768 741 3856 1775
771 3771 959 3834 facta.
988 3771 1121 3854 Qui
1138 3792 1343 3857 quum
1358 3770 1728 3859 AEnigmata
1755 3769 1894 3835 haec
1921 3769 2156 3857 puerili
2184 3769 2461 3830 maxime

327 3876 488 3937 aetati
546 3875 957 3940 instituendae
1010 3893 1155 3965 apta
1208 3893 1395 3964 putet
1414 3925 1432 3957 ,
1479 3877 1633 3940 huic
1681 3877 1828 3942 usui
1879 3874 2231 3940 editionem
2277 3895 2456 3936 suam

328 3981 646 4068 praecipue
706 3980 1251 4047 adcommodavit.
1318 3985 1394 4047 In
1438 3983 1821 4048 Praefatione
1868 3980 2228 4045 editionum
2273 3979 2462 4065 Sym·

328 4086 490 4179 posii
529 4109 865 4152 recensum
901 4088 1070 4176 agit,
1122 4105 1363 4153 motam
1407 4089 1489 4152 ab
1533 4090 1924 4152 Heumann«)
1960 4083 2457 4150 controversiam
