2964 4690
504 394 644 467 336
996 386 1561 458 EDITIONES
1612 386 2126 455 SYMPOSII.

588 524 833 604 scribit,
852 522 1084 587 Ioann.
1110 516 1570 598 Lauterbachii,
1591 516 1724 581 Jul.
1753 515 1905 581 Caes.
1927 516 2256 604 Scalegen‘,
2283 518 2364 582 H.
2387 518 2650 584 Eobam'

588 633 799 709 Bessi,
815 628 868 691 J
862 625 1045 691 οαοΙι.
1075 623 1459 703 Cameran'i,
1482 622 1692 687 Hadr.
1717 622 1930 705 Iunii,
1959 624 2464 711 etquommdam
2485 626 2648 691 alio·

590 762 731 803 rum
787 736 1169 820 AEnigmata
1220 732 1439 795 omnia
1491 729 1682 793 simul
1718 728 1892 793 edita
1947 752 2072 793 esse
2127 729 2348 796 studio
2397 730 2646 797 Nioolai

594 839 924 909 Reusneri.
980 838 1243 927 Argent.
1302 832 1469 921 1589
1523 835 1636 898 in·
1660 836 1720 901 8.
1775 834 2118 899 Diversum
2171 836 2300 901 hoc
2348 858 2518 925 opus
2563 837 2646 901 ab

590 942 1233 1039 AEnigmatographia
1256 991 1275 1023 ‚
1331 941 1660 1029 hujusque
1709 940 2102 1030 prodi-ornus
2153 965 2294 1008 esse
2349 943 2642 1027 videtur,

590 1070 815 1146 postea
836 1052 905 1115 in
930 1047 1640 1139 AEnigmatographiam
1665 1048 1960 1113 relatum.
1986 1048 2145 1112 Falli
2163 1049 2363 1137 igitur
2383 1049 2647 1114 videtur

594 1165 1020 1227 Heumannus
1044 1157 1088 1221 l.
1113 1176 1168 1219 e.
1198 1153 1465 1243 quando
1491 1154 1814 1219 existimat
1832 1203 1850 1235 ‚
1883 1154 2248 1223 Draudium
2285 1156 2396 1219 illo
2427 1154 2648 1221 indice

591 1268 867 1357 primam
920 1259 1584 1349 AEnigmatographi‘ae
1638 1261 2094 1323 Reusnerianae
2151 1260 2504 1325 editionem
2557 1262 2648 1325 si-

592 1370 895 1463 gnificare
937 1367 1241 1434 voluisse.
1288 1366 1516 1431 Habeo
1560 1367 1698 1455 ipse
1741 1365 1880 1445 ejus
1923 1364 2154 1448 libelli,
2201 1388 2396 1453 quem
2429 1368 2648 1432 Drau-

594 1480 741 1545 dius
786 1474 1096 1541 indicavit
1118 1520 1137 1555 ,
1184 1474 1530 1561 exemplar,
1583 1471 1815 1535 eodem
1857 1472 2004 1537 loco
2047 1488 2112 1534 et
2145 1492 2322 1536 anno
2357 1471 2605 1538 editum
2629 1522 2648 1554 ‚

586 1584 701 1649 sed
754 1584 821 1647 in
872 1581 1064 1645 titulo
1114 1579 1304 1643 simul
1348 1576 1543 1641 verba
1590 1577 1735 1665 lego
1753 1627 1772 1659 ‚
1823 1600 1966 1661 quae
2013 1576 2336 1641 Draudius
2381 1580 2642 1643 omisit:

592 1689 848 1755 Additis
892 1686 1254 1773 Sympkosii
1294 1687 1526 1747 veteris
1574 1683 1786 1745 Poetoe
1819 1682 2208 1768 AEnigmatis
2223 1730 2240 1764 ‚
2291 1685 2438 1749 item
2470 1685 2534 1747 J.
2577 1685 2645 1749 C.

592 1794 910 1879 Scaligeri
922 1839 941 1869 ,
996 1806 1116 1854 etc.
1180 1786 1381 1871 Quod
1438 1804 1658 1851 tamen
1713 1784 2068 1849 dolendum
2129 1803 2226 1850 est
2250 1835 2268 1867 ‚
2321 1791 2652 1877 exemplar

594 1922 817 1965 meum
856 1898 923 1960 in
962 1894 1091 1959 fine
1138 1915 1442 1959 mancum
1487 1914 1624 1955 esse
1663 1888 1958 1974 videtur3
2012 1914 2160 1955 nam
2203 1914 2418 1981 neque
2451 1896 2648 1982 Sym·

595 2005 808 2096 phosii
825 2050 843 2085 ,
878 2022 1091 2089 neque
1124 1998 1427 2088 Scaligeri
1449 2046 1465 2079 ,
1501 2014 1568 2062 et
1601 2014 1982 2062 caeterorum
2001 2045 2018 2079 ‚
2055 1998 2172 2086 qui
2203 1999 2270 2063 in
2305 1999 2495 2064 titulo
2527 2024 2650 2064 no-

596 2112 929 2179 minantur
948 2156 967 2189 ,
1012 2106 1349 2195 aenigmata
1410 2104 1608 2169 habet
1627 2153 1648 2187 ,
1695 2120 1762 2168 et
1809 2126 1958 2168 cum
2007 2104 2454 2170 Lauterbachii
2491 2108 2650 2171 aeni-

597 2216 920 2308 gmatibus
945 2211 1204 2279 desinit.
1218 2208 1421 2293 Quod
1438 2209 1496 2273 si
1525 2210 1646 2274 alia
1665 2210 1914 2298 integra
1931 2202 2068 2291 ejus
2085 2208 2232 2273 libri
2257 2210 2648 2299 exemplaria

596 2337 887 2400 exstant,
945 2316 1227 2386 dubitari
1282 2338 1415 2380 non
1472 2329 1720 2403 potest,
1785 2314 1954 2379 hanc
2005 2314 2280 2403 primam
2328 2318 2647 2382 Reusneri

596 2427 953 2493 editionem
986 2421 1355 2514 symphosii
1381 2443 1543 2486 esse.

509 2635 629 2700 xl.
670 2630 947 2698 Phaedro
978 2627 1061 2692 ab
1094 2649 1346 2692 secum
1375 2627 1548 2690 notis
1584 2624 1718 2689 suis
1752 2641 1817 2689 et
1851 2627 2036 2714 Casp.
2071 2625 2353 2715 Scioppii
2377 2627 2648 2717 vulgato

600 2739 790 2806 Caelii
822 2737 1134 2824 Synposii
1173 2736 1521 2820 oenigmata
1572 2753 1716 2794 cum
1763 2731 2008 2795 scholiis
2040 2731 2174 2795 Ios.
2223 2731 2604 2797 Cas-talionis
2621 2782 2642 2816 ,

596 2847 845 2912 fabulas
894 2859 960 2907 et
1011 2841 1380 2932 AEnigmata
1430 2854 1726 2902 veterum
1777 2854 2114 2926 poetarum
2161 2838 2534 2904 Graecorum
2579 2856 2649 2904 et

595 2953 977 3018 Latinorum
1000 2945 1295 3027 adjunxit
1323 2943 1504 3008 Conr.
1529 2941 1967 3007 Rittershusius
1993 2942 2295 3032 Lugduni
2317 2969 2418 3009 an.
2453 2943 2648 3031 1598,

596 3058 752 3123 in-8.
800 3056 966 3138 Quae
1010 3051 1208 3116 editio
1250 3050 1524 3139 repetita
1570 3064 1669 3112 est
1710 3047 1942 3113 additis
1979 3049 2648 3116 animadversionibus

598 3171 697 3234 Io.
730 3164 1034 3245 Memmii,
1069 3179 1135 3227 et
1166 3161 1411 3250 prodiit
1440 3183 1520 3224 ex
1549 3158 1806 3224 officina
1837 3159 2238 3225 Plautiniana
2278 3161 2648 3250 Raphelen-

597 3275 720 3363 gii,
781 3296 885 3337 an.
944 3269 1147 3350 1610,
1200 3285 1277 3332 ut
1325 3267 1522 3331 tradit
1573 3266 1939 3346 Fabricius,
1994 3267 2156 3332 Bibl.
2213 3269 2350 3333 Lat.
2386 3269 2494 3333 lib.
2539 3270 2648 3348 ll,

596 3401 735 3467 cap.
778 3380 815 3443 3
832 3427 849 3461 ,
886 3381 921 3460 S
955 3377 1018 3442 3.
1761 3385 1772 3400 ’

684 3483 992 3562 Ejusdem
1033 3479 1333 3546 editionis
1382 3477 1683 3566 repetitio
1724 3477 2013 3561 videtur,
2059 3501 2203 3566 quae
2244 3479 2310 3541 in
2355 3477 2650 3568 catalogo

602 3587 1014 3653 Bibliothecae
1050 3587 1411 3665 Thuaneae‚
1456 3601 1618 3648 tom.
1667 3583 1766 3667 11,
1812 3607 1873 3672 p.
1914 3582 2073 3666 256,
2107 3583 2235 3648 hoc
2270 3583 2459 3648 titulo
2491 3607 2653 3673 pro-

597 3694 867 3785 ponitur
896 3716 911 3756 :
943 3697 1319 3782 AEnigmata
1356 3701 1632 3756 veterum
1669 3703 1734 3753 et
1762 3691 2095 3754 recentium
2114 3738 2131 3772 ,
2169 3712 2313 3754 cum
2340 3693 2502 3754 notis
2528 3691 2648 3754 Jo-

596 3799 776 3891 seplu‘
823 3798 1199 3864 Castalionis
1242 3800 1310 3860 in
1358 3799 1409 3862 S
1396 3797 1671 3884 ymposii
1713 3796 2117 3881 AEnigmata.
2169 3797 2385 3860 Duaci
2430 3795 2598 3874 1604
2621 3845 2642 3874 ‚

596 3907 761 3972 in-8.

508 4107 655 4168 ΧΠ.
686 4103 747 4166 F
744 4102 1063 4168 ranciscus
1104 4097 1393 4162 Schottus
1428 4095 1630 4160 edidit
1655 4096 1981 4159 [cinerat-ii
2005 4093 2218 4158 ltalioe
2251 4091 2656 4156 Germanice-
