2964 4690
491 370 633 441 300
1242 368 1864 437 PROOEMIUM

484 501 585 566 vel
630 498 995 565 charactere
1044 498 1343 588 adposito
1384 498 1664 565 declarat
1677 548 1696 583 ‚
1744 514 1812 565 et
1856 499 1924 563 in
1974 512 2154 561 tanta
2195 497 2620 563 multitudine

485 628 714 671 eorum
734 655 753 688 ,
796 607 909 694 qui
944 606 1229 693 antiquis
1282 605 1686 695 temporibus
1731 604 1904 671 Sexti
1949 624 2190 668 nomen
2235 622 2616 692 gesserunt,

482 732 781 801 quosque
812 733 1049 801 magno
1090 731 1366 775 numero
1402 726 1696 777 recenset
1727 710 1782 775 J.
1821 710 1896 775 A.
1925 708 2254 774 Fabricius
2283 708 2410 797 (1),
2437 707 2618 773 diffi-

484 817 797 881 cillimum
831 837 986 907 sane
1020 830 1117 879 est
1138 864 1157 897 ,
1212 816 1360 904 quis
1393 816 1623 881 Sextus
1671 815 1780 879 hic
1831 814 2244 895 nominetur,
2281 814 2616 904 indagare.

482 922 696 986 Possis
740 921 1023 1011 cogitare
1064 918 1147 984 de
1186 920 1380 985 Sexto
1422 919 1840 985 Chaeronensi
1861 966 1880 1001 ‚
1921 918 2312 1008 philosopho
2347 919 2573 985 Stoico
2595 968 2618 1001 ,

482 1027 812 1093 Plutarchi
846 1026 1087 1093 sororis
1121 1024 1258 1091 filio
1271 1075 1290 1108 ,
1315 1026 1409 1091 Μ.
1441 1026 1689 1091 Aurelii
1723 1027 1889 1114 Imp.
1915 1040 2308 1113 praeceptore
2324 1073 2342 1108 ,
2366 1023 2450 1090 de
2477 1047 2618 1113 quo

482 1132 745 1215 Suidas,
776 1133 880 1197 vel
908 1130 989 1197 de
1012 1130 1208 1196 Sexto
1236 1132 1600 1221 Empirico‚
1635 1130 2026 1221 philosopho
2065 1130 2382 1219 sceptic0,
2425 1129 2618 1211 cujus

486 1239 637 1304 libri
664 1254 941 1304 exstant.
982 1237 1112 1303 Sed
1144 1237 1289 1325 quis
1336 1237 1558 1303 eredat
1575 1284 1594 1319 ‚
1637 1260 1676 1301 a
1719 1236 1954 1301 talibus
1997 1236 2402 1325 philosophis
2441 1236 2620 1301 dieta

483 1345 586 1409 vel
618 1345 852 1433 scripta
890 1366 1030 1409 esse
1045 1391 1065 1425 ,
1101 1343 1340 1431 quibus
1372 1340 1701 1407 imitandis
1733 1341 2003 1406 delei-are
2037 1364 2106 1406 se
2139 1340 2314 1406 dicat
2339 1341 2620 1407 Noster?

484 1452 754 1518 Sextum
788 1451 1068 1540 aliquem
1089 1498 1108 1532 ,
1144 1449 1473 1515 rhetorem
1504 1471 1732 1538 parum
1768 1449 2178 1537 eloquentem
2195 1496 2216 1530 ,
2251 1464 2480 1513 notare
2513 1448 2617 1513 vi-

486 1557 678 1623 detur
708 1558 1097 1647 epigramma
1128 1556 1566 1646 Anthologiae,
1597 1554 1708 1621 lib.
1745 1555 1845 1638 11,
1879 1578 1936 1621 c.
1975 1555 2097 1638 46,
2130 1578 2277 1644 pag.
2312 1552 2616 1641 247.Sed

392 1702 403 1714 ·
483 1662 681 1741 hujus
722 1677 1031 1751 praeterea
1076 1684 1200 1726 nec
1240 1678 1492 1727 aetatem
1515 1708 1536 1743 ‚
1567 1682 1689 1726 nec
1719 1660 1925 1725 ullum
1957 1660 2204 1725 dictum
2239 1659 2340 1724 vel
2369 1662 2619 1725 factum

485 1766 811 1832 novimus.
852 1767 1171 1831 Praetereo
1206 1768 1363 1833 alios
1380 1816 1398 1850 ‚
1430 1788 1598 1857 quos
1629 1766 1868 1855 pariter
1895 1766 2152 1855 ineptos
2186 1766 2343 1831 huic
2373 1789 2618 1834 caussae

486 1871 759 1959 reperio.
804 1870 905 1937 Ne
943 1886 1159 1936 tamen
1196 1872 1431 1939 fmstra
1467 1895 1585 1961 per
1616 1894 1844 1937 omnes
1880 1871 2211 1936 oberrasse
2229 1919 2247 1955 ,
2281 1888 2348 1937 et
2375 1871 2621 1937 infecta

487 1986 674 2074 plane
726 2007 947 2050 caussa
1002 1984 1265 2051 rediisse
1319 1986 1540 2051 videar
1555 2036 1573 2065 ,
1621 1987 1942 2075 proferam
1989 1987 2266 2075 aliquam
2304 1984 2386 2053 de
2419 1987 2621 2053 Sexto

488 2090 600 2156 illo
632 2092 1072 2181 opinationem
1094 2140 1115 2173 ,
1164 2091 1580 2157 leviusculam
1613 2093 1786 2157 illam
1823 2093 2087 2181 quidem
2107 2141 2126 2175 ,
2163 2092 2280 2157 sed
2313 2114 2442 2181 qua
2475 2114 2620 2157 me-

486 2198 718 2264 liorem
746 2198 853 2262 vix
874 2198 1035 2261 mihi
1058 2195 1279 2262 videar
1297 2218 1486 2285 posse
1513 2198 1814 2286 reperire.
1843 2200 2014 2287 Lego
2031 2246 2052 2278 ‚
2081 2197 2257 2286 apud
2287 2200 2621 2263 Romanos

488 2304 645 2369 olim
672 2303 845 2368 dicta
869 2303 1181 2369 Sextiana
1207 2302 1277 2367 in
1302 2302 1648 2392 proverbio
1680 2302 1878 2369 fuisse
1908 2324 2031 2392 pro
2057 2303 2294 2392 ineptis
2309 2352 2327 2385 ‚
2356 2304 2622 2370 insulsis

488 2424 553 2474 et
580 2431 812 2497 parum
846 2407 1131 2472 urbanis.
1163 2407 1316 2471 Duo
1346 2407 1475 2471 hoc
1505 2407 1832 2472 Ciceronis
1863 2408 1990 2472 loci
2021 2408 2279 2473 docent.
2305 2409 2492 2473 Unus
2519 2427 2624 2474 est

482 2516 551 2579 in
592 2513 880 2603 Epistola
912 2514 1173 2580 XXXII
1212 2513 1362 2578 libri
1388 2513 1479 2578 VI
1514 2513 1598 2578 ad
1634 2513 1878 2580 Divers.
1913 2514 1996 2579 ad
2022 2515 2450 2581 Volumnium
2483 2517 2620 2580 Eu-

489 2621 805 2709 trapelum
842 2621 1109 2709 scripta,
1145 2642 1275 2708 qua
1306 2621 1752 2708 conqueritur,
1787 2619 2039 2703 omnia,
2071 2642 2215 2708 quae
2248 2622 2485 2710 passim
2520 2621 2622 2685 fe-

488 2741 735 2805 rantur,
763 2725 906 2805 jooe
941 2740 1009 2789 et
1038 2725 1240 2806 dicta,
1276 2724 1469 2788 etiam
1494 2724 1738 2788 insulsa
1768 2739 1834 2787 et
1863 2747 1984 2788 suo
2016 2725 2284 2790 nomine
2315 2723 2619 2816 indigna,

492 2832 615 2897 sibi
666 2832 862 2921 vulgo
912 2829 1229 2912 adscribi,
1284 2829 1638 2894 Volumnio
1694 2851 1828 2894 non
1881 2827 2362 2895 contradicente
2397 2853 2414 2894 τ
2450 2861 2478 2886 α
2507 2832 2620 2896 Ais

492 2939 664 3002 enim
686 2987 705 3020 ,
753 2953 830 3001 ut
872 2959 993 3028 ego
1043 2936 1445 3002 discesserim
1471 2983 1491 3017 ,
1547 2936 1768 3001 omnia
1820 2936 2118 3000 omnium
2165 2935 2332 3001 dicta
2351 2985 2370 3020 ,
2405 2937 2473 3001 in
2513 2937 2620 3002 his

492 3044 683 3108 etiam
720 3043 1004 3108 Sestiana
1036 3039 1131 3128 (2)
1154 3089 1172 3123 ‚
1219 3042 1287 3105 in
1322 3062 1428 3105 me
1460 3039 1740 3106 conferri
1769 3071 1815 3105 υ.
1862 3042 2040 3107 Alter
2073 3057 2277 3106 exstat
2305 3042 2504 3132 Epist.
2533 3042 2622 3108 ad

490 3151 625 3213 Att.
672 3149 799 3212 VII
824 3195 843 3228 ,
884 3169 961 3234 17
992 3168 1007 3209 ε
1044 3176 1069 3200 κ
1092 3146 1169 3209 In
1206 3167 1342 3233 quo
1387 3145 1680 3210 accusavi
1721 3167 1982 3210 mecum
2024 3147 2162 3234 ipse
2202 3146 2622 3237 Pompeium,

492 3253 608 3341 qui
638 3274 847 3340 quum
877 3252 1152 3340 scriptor
1179 3250 1554 3317 luculentus
1591 3269 1758 3319 esset
1776 3302 1794 3331 ,
1831 3267 2039 3318 tantas
2075 3275 2178 3318 res
2199 3302 2220 3336 ‚
2255 3269 2450 3342 atque
2475 3277 2621 3338 eas,

494 3380 637 3444 quae
674 3359 744 3422 in
776 3359 1073 3423 omnium
1104 3381 1334 3422 manus
1368 3373 1655 3423 venturae
1685 3375 1934 3442 essent,
1969 3359 2175 3425 Sestio
2206 3375 2433 3425 nostro
2457 3360 2624 3424 scri-

495 3461 740 3527 bendas
774 3461 1063 3529 dederit:
1095 3464 1312 3552 itaque
1356 3463 1520 3528 nihil
1555 3487 1873 3553 umquam
1911 3465 2038 3556 legi
2083 3466 2396 3554 scriptum
2435 3493 2626 3538 mu·

498 3573 695 3648 δίςιρον
720 3599 765 3629 ι.
799 3569 975 3634 Dicit
992 3618 1012 3652 ,
1047 3592 1230 3634 more
1265 3570 1566 3637 Sextiano
1583 3619 1602 3655 ‚
1641 3572 1711 3637 h.
1751 3595 1807 3636 e.
1841 3573 2059 3662 inepte
2091 3573 2406 3661 scriptum
2441 3595 2584 3637 esse
2601 3623 2622 3655 ,

496 3671 679 3763 quod
730 3673 981 3739 Sextius
1003 3722 1022 3758 ‚
1076 3673 1420 3740 mandante
1474 3677 1785 3766 Pompeio
1807 3725 1826 3759 ,
1871 3678 2210 3767 scripserat
2225 3726 2245 3762 ‚
2287 3677 2627 3768 intelligit·

566 3919 643 3986 (ι)
678 3897 814 3968 B'ihl.
840 3915 935 3970 Gr.
962 3917 1171 3984 navi,
1192 3935 1309 3992 cap.
1330 3937 1381 3990 7,
1402 3921 1508 3976 vol.
1533 3919 1638 3973 ΧΠ
1656 3958 1674 3984 ,
1697 3939 1750 3992 p.
1779 3919 1902 3977 διε.

570 4007 646 4074 (a)
680 4006 921 4057 Sea-tiana
940 4005 1177 4061 scribunt
1206 4007 1309 4062 alin
1336 4007 1653 4081 exemplaria
1669 4047 1686 4071 ,
1727 4019 1780 4062 et
1804 4011 1956 4062 Sextii
1983 4011 2218 4078 &ulique
2247 4006 2466 4061 nomina
2493 4023 2634 4078 sepe

496 4093 792 4163 promiscue
816 4106 1099 4166 ponuntur.
