2964 4690
522 326 658 397 312
1260 329 1313 395 P
1330 330 1393 395 R
1406 330 1471 396 Ο
1484 329 1594 395 ΟΕ
1607 330 1684 396 M
1697 329 1729 393 I
1749 330 1810 396 U
1825 330 1902 396 Μ

514 459 909 546 symposius,
958 474 1099 521 tum
1144 459 1387 522 caeteris
1420 457 1642 545 'ipsius
1692 458 2004 523 Lactantii
2063 462 2352 547 scriptis,
2403 460 2647 549 quibus

516 562 797 627 eruditas
832 564 1219 651 quaestionae
1254 562 1666 651 pertractavit
1683 610 1702 643 ‚
1749 562 1956 627 simile
1995 563 2111 649 (1).
2161 566 2346 629 Hanc
2387 566 2510 629 nisi
2557 567 2648 630 si·

514 668 949 735 militudinem
1000 670 1139 751 ejus
1186 684 1249 733 et
1292 690 1712 735 communem
1760 691 1912 733 cum
1963 670 2100 735 aliis
2145 672 2476 737 materiam
2525 694 2649 736 no-

511 777 705 840 visset
742 776 1180 863 Hieronymus
1198 824 1217 853 ,
1252 792 1428 840 certe
1452 774 1890 840 differentiam
1923 778 2290 865 argumenti
2323 794 2644 855 notasset,

511 898 708 969 atque
728 898 871 945 tum
888 881 1335 970 aenigmatibus
1354 882 1844 963 constareillud,
1859 899 2002 947 tum
2014 883 2644 971 versibus-scriptum

513 1010 651 1052 esse
674 1036 694 1067 ,
740 1004 815 1051 ut
860 987 942 1052 de
990 986 1427 1075 Hodoeporico
1476 988 1666 1073 fecit,
1716 989 2094 1053 monuisset.
2145 988 2338 1053 Haud
2371 990 2648 1069 majoris

510 1096 830 1159 momenti
866 1110 1327 1184 argumentum
1378 1112 1477 1159 est
1499 1143 1517 1176 ,
1568 1094 1747 1182 quod
1788 1096 2218 1159 Heumannus
2253 1116 2290 1158 e
2319 1116 2512 1161 versu
2545 1118 2648 1161 se-

484 1201 729 1265 ·eundo
764 1200 1023 1291 Prologi
1050 1200 1263 1281 ducit,
1298 1200 1413 1265 ubi
1438 1218 1700 1282 auctor,
1733 1205 1828 1266 ita
1855 1204 2124 1267 Sextum
2153 1200 2502 1289 quemdam
2527 1202 2646 1266 do-

508 1330 647 1371 cere
666 1355 685 1389 ‚
720 1324 919 1395 atque
960 1330 1033 1371 eo
1076 1332 1139 1371 se
1194 1310 1501 1395 magistro
1551 1307 1822 1371 delimre
1840 1356 1859 1391 ,
1895 1306 2252 1395 profitetur.
2301 1308 2358 1371 E
2401 1308 2646 1395 quibus

506 1414 719 1495 verbis
749 1415 1115 1479 luculenter
1148 1412 1455 1502 adparere
1486 1414 1577 1477 ait
1605 1413 1738 1501 (2),
1774 1431 2108 1478 auctorem
2139 1414 2464 1502 Symposii
2493 1414 2645 1479 ado-

508 1519 934 1584 lescentulum
974 1519 1201 1600 fuisse,
1247 1518 1427 1607 quod
1470 1518 1646 1583 idem
1681 1518 1763 1584 de
1793 1520 2126 1605 Lactantio
2157 1518 2452 1585 adfirmet
2483 1523 2642 1587 Hie-

506 1646 823 1712 ronymus
844 1672 866 1704 ‚
904 1640 1099 1712 atque
1143 1646 1295 1691 eum
1334 1625 1522 1705 jussu
1561 1626 1849 1715 magistri
1893 1626 1994 1689 sui
2031 1626 2272 1691 ethnici
2291 1674 2311 1706 ‚
2345 1643 2644 1715 tempore

508 1750 839 1793 sacrorum
886 1730 1189 1810 Saturni,
1236 1731 1536 1818 exemplo
1579 1746 1963 1795 coeterorum
2009 1730 2608 1819 condiscipulorum
2624 1782 2644 1815 ,

508 1834 647 1898 haec
676 1835 1015 1923 aenigmata
1048 1835 1428 1901 elaborasse.
1456 1835 1586 1900 Sed
1618 1858 1815 1924 quam
1839 1836 1992 1901 falsa
2017 1838 2101 1901 sit
2124 1837 2262 1901 haec
2285 1838 2640 1901 verborum

507 1940 953 2029 interpretatio
974 1988 991 2021 ,
1038 1958 1103 2003 et
1147 1962 1342 2027 quam
1387 1958 1632 2005 temere
1677 1940 1831 2006 inde
1879 1942 2312 2007 adolescentia
2355 1945 2640 2008 auctoris

504 2050 876 2139 colligatur,
910 2047 1154 2114 videre.
1173 2048 1357 2113 facile
1400 2066 1518 2114 est.
1553 2050 1650 2112 An
1673 2098 1692 2129 ,
1731 2050 1844 2137 qui
1877 2072 1944 2113 se
1978 2048 2138 2140 quid
2163 2051 2298 2115 alio
2327 2052 2640 2139 magistro

502 2156 606 2219 vel
639 2155 915 2219 docente
946 2155 1155 2217 facere
1189 2152 1293 2217 vel
1320 2153 1600 2219 scribere
1625 2154 1747 2236 ait,
1787 2172 2130 2243 propterea
2165 2155 2538 2221 adolescens
2571 2174 2640 2222 et

504 2260 870 2325 tirunculus
916 2257 1333 2323 scholasticus
1366 2257 1511 2322 est?
1541 2261 1642 2321 An
1668 2307 1685 2340 ,
1726 2259 1838 2347 qui
1873 2260 2176 2348 magister
2209 2259 2463 2343 dicitur,
2499 2284 2632 2325 non

502 2367 664 2431 alius
700 2364 1041 2430 habendus
1070 2380 1203 2444 est,
1242 2377 1437 2452 quam
1481 2381 1840 2452 praeceptor
1885 2364 2169 2430 scholae?
2199 2367 2395 2454 Atqui
2431 2369 2636 2456 magi-

502 2489 640 2536 stro
684 2473 782 2536 uti
828 2471 1141 2535 dicuntur
1172 2471 1381 2534 *etiam
1428 2485 1697 2534 maturae
1743 2472 1944 2534 oetatis
1985 2472 2106 2535 viri
2131 2520 2149 2553 ‚
2199 2473 2314 2559 qui
2357 2473 2634 2536 aliorum

501 2577 886 2642 sententiam
915 2623 935 2656 ,
997 2574 1359 2639 doctrinam
1386 2623 1403 2655 ,
1474 2595 1688 2638 mores
1713 2622 1730 2655 ‚
1795 2575 2160 2663 exemplum
2221 2593 2592 2663 sequuntur
2615 2627 2634 2660 ‚

500 2682 773 2769 scripta,
818 2681 1021 2761 facta,
1068 2677 1237 2743 dicta
1270 2673 1612 2742 imitantur
1641 2677 1756 2766 (3).
1796 2679 1919 2743 Hic
1959 2679 2084 2744 nisi
2125 2701 2352 2744 sensus
2393 2681 2633 2746 admit·

500 2803 703 2869 tatur,
732 2786 915 2852 valde
938 2787 1389 2874 importunum
1419 2801 1486 2849 et
1511 2786 1886 2873 improbum
1913 2785 2142 2866 fuerit,
2165 2785 2246 2849 ab
2269 2785 2637 2852 adolescen-

496 2895 637 2958 tulo
660 2908 1123 2985 praeceptorem
1148 2912 1341 2954 suum
1370 2891 1651 2954 incusari
1669 2937 1688 2967 ‚
1713 2890 1893 2978 quod
1922 2911 1990 2954 se
2013 2889 2284 2954 delirare
2309 2891 2632 2974 docuerit,

500 3001 567 3062 in
617 3000 887 3087 ejusque
935 2996 1357 3086 ignominiam
1410 2997 1736 3084 specimen
1791 2996 2054 3084 puerilis
2108 3013 2173 3060 et
2235 2997 2634 3064 scholasticae

498 3105 803 3193 nequitiae
846 3105 914 3168 in
964 3103 1301 3190 publicum
1349 3103 1645 3189 proferri.
1696 3105 1780 3167 At
1821 3124 1954 3166 non
1991 3103 2058 3166 in
2103 3103 2320 3170 schola
2343 3151 2361 3186 ,
2407 3103 2526 3170 sed
2563 3106 2630 3170 in

498 3214 641 3298 ipso
694 3209 993 3275 convivio
1038 3207 1119 3273 ad
1168 3209 1512 3273 formulam
1547 3210 1961 3299 aenigmatum
1981 3257 1998 3290 ,
2038 3208 2123 3273 ab
2161 3209 2300 3276 aliis
2333 3213 2634 3300 proposi-

499 3333 713 3380 torum
737 3365 756 3397 ‚
802 3339 871 3381 se
910 3315 1032 3380 hos
1072 3335 1293 3379 versus
1327 3311 1802 3402 composuisse,
1841 3317 2008 3383 clare
2035 3316 2178 3404 ipse
2213 3332 2486 3382 testatur
2516 3341 2634 3382 au-

494 3437 637 3486 ctor
691 3443 883 3486 versu
942 3421 1017 3486 15
1074 3421 1333 3511 Prologi
1360 3469 1381 3502 ,
1442 3422 1541 3486 uti
1597 3443 1678 3486 ex
1733 3423 2266 3510 interpretatione
2318 3422 2588 3510 adparet
2609 3473 2629 3505 ,

563 3663 785 3735 (1)Vid.
806 3683 926 3734 qun
944 3663 1148 3716 dudum
1174 3665 1315 3718 hanc
1334 3663 1386 3717 in
1415 3683 1526 3718 rem
1552 3663 1619 3718 de
1645 3663 1904 3717 lactantii
1929 3663 2206 3737 Symposio
2227 3666 2632 3720 observavimus

492 3757 550 3807 in
572 3753 775 3808 Praefat.
797 3750 866 3804 ad
895 3752 1153 3806 Lactantii
1174 3753 1473 3808 Phoenicem
1489 3792 1506 3818 ‚
1525 3753 1640 3825 huj.
1662 3773 1756 3826 op.
1779 3767 1815 3806 t.
1839 3753 1920 3816 11,
1943 3773 1995 3826 p.
2017 3753 2136 3818 344.
2165 3753 2266 3807 En.

560 3864 636 3930 (a)
660 3859 813 3912 Prot.
836 3859 905 3912 ad
928 3855 1107 3931 Symp.
1133 3859 1281 3914 Lact-
1302 3863 1333 3928 S
1364 3861 1421 3913 11
1446 3873 1498 3914 et
1519 3861 1679 3926 xlv,
1719 3881 1770 3932 p.
1793 3861 1880 3914 25.

558 3965 637 4036 (3)
658 3964 745 4019 Sic
759 4001 776 4025 ‚
806 3963 897 4016 ubi
920 3961 1169 4029 Ovidius,
1185 3965 1345 4018 Trist.
1368 3967 1447 4025 11,
1468 3967 1570 4036 3⁴7
1593 3983 1607 4017 τ
1641 3991 1664 4012 ι
1679 3965 1786 4019 Sed
1807 3985 1982 4038 neque
2003 3983 2088 4020 me
2113 3977 2292 4038 nupto
2319 3965 2632 4020 didicerunt

488 4055 627 4108 furta
646 4051 897 4123 magistro
910 4077 935 4096 ιι
948 4089 965 4116 ,
1002 4051 1235 4121 loquitur
1253 4052 1323 4106 de
1348 4055 1560 4125 scriptis
1579 4054 1664 4108 vel
1687 4055 2012 4108 carminibus
2039 4055 2148 4108 auis
2169 4053 2454 4108 amatoriis.
