2964 4690
541 397 620 443 12
1271 377 1911 448 PROOEMIUM

523 519 648 566 tur.
689 501 920 566 Addidi
958 520 1260 592 praeterea
1299 503 1553 569 Codicis
1590 505 2036 571 Demidoviani
2070 508 2381 572 variantes
2425 509 2641 573 lectio-

523 629 672 690 nes,
715 631 874 695 quas
923 608 1160 674 Christ.
1210 609 1383 674 Frid.
1435 610 1757 692 Matthaei,
1798 613 1931 676 Vir.
1989 613 2202 678 Celeb.
2256 615 2639 679 Lectionum

522 713 1018 801 Mosquensium
1041 716 1169 780 vol.
1195 717 1226 779 I
1243 763 1260 793 ‚
1287 739 1352 804 p.
1369 738 1448 802 91
1467 765 1485 798 ,
1510 717 1753 805 publici
1773 717 1937 798 juris
1961 719 2134 783 fecit.
2172 699 2435 783 Contuli
2463 720 2643 784 deni·

522 841 652 905 que
689 819 984 884 nondum
1017 836 1351 910 usurpatas
1384 821 1729 904 editioneS,
1762 839 1902 887 tum
1934 841 2364 918 pervetustam
2390 826 2640 914 Argen-

519 939 912 989 toratensem
947 926 1143 991 solius
1180 917 1472 1010 Hortuli,
1502 949 1695 1015 quam
1728 946 1942 994 tamen
1972 931 2035 993 in
2071 931 2363 1017 plurimis
2402 952 2639 994 conve·-

520 1029 659 1094 nire
685 1055 835 1096 cum
865 1031 1089 1096 Aldina
1111 1031 1278 1114 vidi,
1303 1050 1444 1098 tum
1469 1035 1861 1122 Lipsiensern
1890 1036 2134 1118 nivini,
2156 1037 2224 1099 in
2248 1035 2641 1100 Collectione

518 1136 892 1200 Carminum
913 1136 994 1201 de
1021 1135 1114 1200 Re
1132 1138 1444 1202 herbaria.
1467 1139 1871 1228 subjungam
1897 1163 2075 1205 nunc
2092 1141 2373 1206 indicem
2396 1141 2642 1228 aliquot

520 1240 911 1324 editionum,
936 1243 1174 1331 quibus
1205 1245 1450 1309 Hortus
1489 1245 1859 1310 Columellae
1884 1268 2173 1311 seorsum
2195 1245 2492 1335 vulgatus
2525 1261 2640 1308 est.

527 1444 551 1483 1
565 1471 580 1486 .
627 1423 974 1487 Columella
1020 1427 1099 1488 de
1147 1425 1337 1492 Cultu
1393 1427 1717 1490 hortorum
1731 1453 1756 1505 ;
1812 1429 1882 1492 it.
1932 1429 2189 1493 Mac-rus
2228 1425 2515 1512 (Macer)
2563 1426 2643 1490 de

612 1531 956 1594 Virtutibus
993 1531 1350 1597 herbarum.
1377 1531 1605 1596 Venet.
1654 1533 1854 1615 1506,
1897 1534 2063 1614 ἱππ-4,
2100 1557 2217 1620 per
2260 1531 2637 1598 Bernardin.

604 1633 926 1698 Venatum
962 1634 1044 1700 de
1071 1636 1406 1702 Vitalibus.
1449 1637 1623 1702 Olim
1660 1637 1822 1704 mihi
1856 1635 2155 1702 adnotavi
2188 1637 2366 1702 hunc
2401 1637 2637 1702 librum

606 1763 643 1803 e
687 1739 976 1828 catalogo
1027 1741 1344 1806 librorum
1397 1743 1715 1808 rariorum
1742 1791 1760 1824 ,
1811 1743 1997 1822 cujus
2058 1743 2215 1808 mihi
2277 1765 2455 1806 nuno
2504 1763 2637 1806 non

605 1847 926 1911 succurrit
963 1848 1292 1912 memoria.

527 2037 584 2078 2.
631 2015 832 2080 Coena
879 2017 1182 2108 Baptistoe
1225 2019 1427 2082 Fieroe
1485 2019 1567 2084 de
1615 2018 1966 2083 herbarum
2001 2017 2398 2100 Virtutibus,
2450 2031 2515 2080 et
2568 2038 2640 2079 ea

605 2121 875 2188 Medicae
910 2125 1062 2188 artis
1087 2140 1298 2214 parte,
1323 2147 1466 2216 quae
1492 2125 1561 2188 in
1583 2125 1790 2189 victus
1823 2125 2071 2188 ratione
2102 2122 2416 2188 consistit.
2452 2121 2638 2186 Colu-

606 2227 795 2291 mella
829 2229 911 2293 de
948 2229 1132 2294 Cultu
1176 2229 1521 2296 hortorum.
1574 2233 1672 2295 De
1716 2229 2059 2320 generibus
2106 2228 2485 2292 morborum
2506 2276 2524 2309 ,
2562 2250 2643 2290 ex

606 2333 1053 2423 imprecatoria
1106 2337 1330 2427 Satyra
1381 2336 1557 2403 Petri
1608 2335 1925 2401 Montani.
1970 2334 2377 2424 Argentorati
2397 2382 2415 2416 ,
2464 2333 2641 2422 apud

605 2442 1044 2507 Christianum
1069 2445 1556 2538 AEgenolphum
1574 2492 1593 2527 ,
1617 2445 1771 2523 ἱππ-8.
1808 2444 2058 2509 Mentio
2085 2442 2237 2509 anni
2265 2442 2442 2505 nulla
2466 2440 2645 2506 addi·

609 2566 738 2632 tur,
761 2548 876 2615 sed
901 2566 1050 2615 ante
1071 2573 1318 2615 annum
1362 2550 1529 2615 1536
1561 2572 1834 2615 excusus
1868 2548 2031 2613 liber
2062 2548 2144 2613 sit
2164 2596 2181 2627 ,
2212 2569 2471 2611 necesse
2502 2562 2599 2611 est
2618 2594 2639 2627 ,

607 2656 761 2743 quia
798 2655 992 2736 hujus
1031 2674 1254 2720 notam
1281 2657 1655 2745 impressam
1690 2656 1885 2719 habet
1917 2654 2327 2720 involucrum
2362 2651 2639 2733 codicis,

607 2782 742 2849 quo
780 2762 1146 2853 exemplum
1181 2761 1412 2845 libelli,
1449 2784 1583 2855 quo
1632 2776 1805 2843 utor,
1838 2760 2019 2843 juxta
2058 2782 2209 2823 cum
2250 2758 2386 2822 aliis
2428 2758 2643 2822 conti-

611 2882 821 2929 netur.
857 2866 1071 2932 Habui
1105 2890 1140 2931 e
1175 2867 1565 2932 bibliotheca
1604 2866 1831 2931 Ducali
1866 2864 2197 2931 Guelferb.

531 3034 590 3096 3.
619 3034 986 3099 Columella·
1003 3084 1021 3117 ,
1047 3036 1208 3099 libet·
1229 3036 1304 3101 X
1315 3084 1335 3115 ‚
1364 3060 1410 3099 s.
1443 3036 1708 3117 Hortus,
1731 3058 1883 3099 cum
1905 3030 2429 3098 adnotationibus
2453 3032 2643 3097 Pom—

608 3140 790 3226 ponii
827 3142 1204 3223 Fortunati,
1238 3143 1533 3230 Baptistae
1568 3140 1695 3223 Pii,
1732 3140 1893 3204 Phil.
1936 3138 2224 3205 Beroaldi
2252 3154 2319 3202 et
2343 3137 2635 3203 aliorum.

607 3244 801 3308 Paris.
845 3246 1045 3330 1543,
1078 3247 1243 3325 ἱππ-4.

521 3416 580 3491 4.
623 3418 792 3481 Cum
833 3416 1080 3484 Nicolai
1112 3415 1565 3483 Bartholomaei
1596 3415 1881 3481 carmine
1914 3414 1999 3479 de
2028 3413 2227 3479 Cultu
2266 3412 2643 3487 hortorum,

605 3538 668 3585 et
696 3521 952 3611 Georgii
985 3522 1376 3604 'Vercellani,
1396 3518 1731 3588 Annibalis
1760 3519 1990 3587 Crucei
2024 3519 2261 3609 Mopso
2280 3566 2299 3595 ‚
2332 3533 2399 3581 et
2427 3520 2645 3604 Carpo

609 3628 876 3693 Hieron.
920 3629 1326 3707 Fracastorii,
1367 3626 1569 3709 1543,
1609 3626 1765 3705 in-4.
1812 3626 1909 3691 Ita
1951 3626 2277 3691 Gesnerus
2324 3644 2403 3691 ex
2433 3622 2638 3687 literis

611 3733 903 3801 Fabricii.

526 3890 584 3955 5.
607 3896 702 3960 As
739 3904 1011 3954 veterum
1037 3889 1482 3954 nonnullorum
1502 3938 1521 3971 ‚
1548 3906 1625 3953 ut
1650 3904 1715 3952 et
1730 3887 1954 3953 mediae
1970 3908 2201 3975 ver-gen
2211 3886 2423 3973 tisque
2442 3884 2643 3947 aetatis

609 3998 996 4086 scriptorum
1017 4047 1034 4078 ,
1072 3998 1205 4060 sere
1243 3996 1657 4061 metricorum
1692 4010 1756 4059 et
1792 3992 2228 4074 medicorum,
2261 3991 2341 4055 de
2366 3988 2453 4053 Re
2482 3980 2643 4051 'her-

613 4102 826 4166 ban‘a:
845 4100 1137 4167 videlicet
1167 4102 1234 4165 1⁰
1261 4102 1328 4166 L.
1344 4103 1495 4167 Jun.
1522 4100 1842 4165 Moderati
1856 4096 2220 4165 Columellae
2247 4094 2462 4162 Cultus
2480 4095 2643 4159 hort.
