2964 4690
1112 92 2514 119 mmmmm-mmmmm
2529 94 2636 113 m

1016 307 2060 432 EXCURSUS.

572 815 843 881 Ludicro
884 815 1063 903 quod
1086 813 1326 896 Groeci,
1364 829 1485 879 etc.
1530 813 1756 877 Multis
1793 811 2045 877 mendis
2078 807 2446 878 deformata
2475 830 2648 878 sunt

486 923 679 987 verba
696 921 971 987 Ausonii
994 921 1063 985 in
1083 943 1154 984 re
1177 922 1343 985 scitu
1361 918 1766 1009 dignissima3
1791 918 1975 1001 adeo,
1987 935 2064 983 ut
2089 918 2410 983 mendosa
2431 920 2648 985 editio

478 1030 669 1119 ,bono
693 1029 835 1093 viro
872 1044 939 1091 et
964 1024 1219 1091 erudito
1249 1025 1518 1091 Brodaeo
1549 1027 1963 1116 imposuerit,
1997 1048 2196 1114 quem
2221 1041 2288 1089 et
2317 1026 2430 1089 alii
2465 1048 2648 1114 quo—

490 1158 619 1223 que
662 1133 922 1221 sequuti
960 1148 1133 1196 sunt.
1182 1133 1335 1197 Non
1373 1134 1548 1195 enim
1581 1132 1758 1195 ullus
1792 1132 1976 1195 lusus
2015 1148 2112 1195 est
2151 1132 2640 1211 ossicuiorum‚

404 1270 413 1279 ·
494 1256 570 1305 ut
600 1241 737 1329 ipse
770 1254 975 1328 putat.
998 1238 1228 1327 Neque
1256 1260 1567 1327 umquam
1599 1237 1723 1303 tale
1749 1236 1904 1325 quid
1938 1233 2204 1303 Veteres
2231 1234 2648 1303 habuerunt.

492 1348 640 1411 Hoc
670 1346 847 1409 enim
874 1368 911 1409 a
928 1362 1148 1411 mente
1173 1346 1441 1409 Ausonii
1464 1344 1951 1407 alieniss'unum.
1969 1345 2202 1431 Neque
2219 1344 2646 1409 animadve-*-

494 1452 601 1533 tit,
634 1450 796 1538 quid
838 1450 1175 1514 interesset
1213 1452 1385 1514 inter
1421 1450 1672 1529 lusum,
1711 1464 1778 1513 et
1811 1478 1836 1505 a
1871 1448 2199 1513 ludicrum
2227 1476 2254 1507 ο
2277 1472 2307 1511 :·
2329 1449 2468 1513 hoc
2503 1466 2640 1533 est,

496 1560 667 1621 inter
698 1560 904 1618 παιδιὰν
926 1602 943 1629 ,
972 1568 1057 1619 καὶ
1080 1566 1318 1637 παίγνιον.
1346 1556 1475 1621 Sed
1499 1556 1724 1630 fefellit
1753 1554 2111 1635 hominem,
2133 1573 2212 1620 ut
2236 1554 2397 1637 dixi,
2440 1556 2642 1621 lectio

502 1660 832 1743 mendosa,
852 1672 1125 1740 ὀςομειχίαν
1144 1684 1265 1749 pro
1278 1674 1530 1744 ςομάτιον·
1549 1678 1614 1727 et
1626 1662 1894 1727 ossicula
1909 1686 2029 1751 pro
2042 1662 2263 1726 oscilla
2281 1662 2640 1751 legentem.

500 1770 596 1833 Ac
626 1790 710 1831 ne
734 1768 873 1829 haec
903 1764 1167 1852 quidem
1196 1758 1648 1831 tantummodo
1681 1766 2022 1843 mendosa,
2059 1766 2172 1832 sed
2202 1786 2268 1831 et
2294 1768 2644 1855 sequentia

504 1872 669 1937 male
694 1872 773 1935 ab
809 1870 1441 1958 interpunctionibus
1475 1887 1736 1959 accepta
1767 1886 1942 1935 sunt.
1979 1872 2142 1953 Quae
2173 1872 2356 1958 prius
2391 1873 2518 1952 ita,
2545 1872 2642 1935 uti

506 1976 775 2068 legenda
799 1990 981 2056 sunt,
1001 1996 1393 2063 proponam:
1421 1974 1656 2039 deinde
1675 1974 1756 2039 ad
1789 1998 2014 2040 eorum
2039 1976 2642 2063 interpretationem

510 2084 860 2176 aggrediar.
910 2084 1075 2147 Nam
1114 2082 1199 2145 ita
1236 2100 1301 2146 et
1346 2082 1859 2165 emendandum,
1893 2099 1960 2145 et
2001 2082 2641 2171 interpungendum:

508 2222 536 2247 «ι
562 2188 779 2254 Simile
807 2204 884 2252 ut
912 2186 1084 2251 dicas
1117 2184 1367 2251 ludicro
1382 2235 1400 2265 ,
1428 2186 1608 2274 quod
1641 2188 1842 2251 Graeci
1877 2200 2112 2268 ςομάτιον
2143 2207 2480 2252 vocavere.
2519 2190 2646 2253 Os·

460 2292 468 2303 “
510 2296 655 2360 cilla
698 2316 772 2359 ea
815 2308 986 2358 sunt.
1045 2291 1144 2356 Ad
1181 2313 1500 2357 summam
1548 2291 2036 2380 quatuordecim
2073 2292 2308 2383 figuras
2359 2293 2646 2359 Geome-

513 2402 703 2466 tricas
734 2400 996 2464 habent.
1030 2399 1197 2464 Sunt
1228 2399 1401 2463 enim
1436 2399 1801 2486 aequilatera
1817 2447 1835 2478 ,
1869 2399 1968 2462 vel
1991 2396 2305 2486 triquetra
2321 2448 2342 2482 ,
2370 2402 2648 2466 extentis

512 2509 742 2574 lineis:
771 2515 903 2570 'aut
952 2507 1142 2572 rectis
1184 2507 1435 2594 ang-ulis
1462 2557 1481 2588 ,
1528 2507 1630 2570 vel
1661 2505 1938 2594 obliquis
1974 2529 1990 2569 :
2029 2506 2294 2570 isoscele
2316 2555 2334 2587 ,
2376 2509 2480 2572 vel
2517 2507 2648 2574 iso·

516 2615 769 2702 pleura:
800 2611 1181 2700 orthogonia
1213 2632 1480 2698 quoque
1506 2659 1524 2694 ,
1556 2610 1658 2676 vel
1689 2611 1959 2676 scalena.
1998 2611 2248 2675 Harum
2287 2613 2648 2678 ven-tibuu-

518 2741 667 2782 rum
698 2716 885 2780 variis
914 2715 1308 2804 coagmentis
1346 2717 1736 2782 simulantur
1766 2717 2009 2806 species
2047 2717 2218 2780 mille
2249 2719 2647 2802 formarium

520 2823 898 2912 elephantus
925 2821 1163 2903 bellua,
1182 2839 1295 2888 aut
1328 2846 1481 2912 aper
1502 2823 1727 2904 bestia,
1758 2845 1946 2888 anser
1970 2823 2217 2904 volans,
2237 2840 2306 2888 et
2339 2825 2646 2890 mirmillo

526 2930 594 2992 in
622 2929 811 2992 armis
833 2975 852 3008 ,
888 2927 1229 2992 subsidens
1260 2943 1546 3009 venator,
1593 2943 1658 2990 et
1689 2928 1925 2992 latrans
1963 2929 2135 2991 canis
2161 2976 2178 3008 ,
2222 2929 2384 3014 quin
2419 2946 2484 2992 et
2517 2947 2651 2994 tur-

525 3035 647 3116 riS,
680 3051 744 3097 et
775 3035 1121 3099 cantharus
1140 3083 1157 3115 ‚
1204 3051 1267 3096 et
1313 3033 1433 3096 alia
1463 3032 1842 3111 hujusmodi
1874 3033 2442 3096 innumerabilium
2481 3035 2649 3125 figu-

524 3161 775 3220 rarum,
813 3161 957 3226 quae
1000 3141 1155 3204 alius
1190 3137 1311 3201 alio
1360 3137 1665 3202 scientius
1696 3139 2022 3228 variegant
2041 3169 2090 3202 υ.
2139 3139 2292 3202 Haec
2325 3140 2524 3204 verba
2561 3141 2648 3206 ita

526 3246 757 3334 procul
777 3243 980 3309 dubio
1012 3243 1277 3333 legenda
1310 3259 1482 3323 sunt,
1504 3260 1570 3306 et
1589 3241 2061 3334 distinguenda.
2088 3244 2254 3308 Nam
2283 3244 2446 3332 quin
2474 3261 2648 3310 recte

524 3363 761 3432 ςομάτιον
786 3399 804 3432 ,
834 3367 897 3414 et
924 3349 1144 3413 oscilla
1172 3347 1747 3430 emendaverimus,
1782 3365 2012 3437 praeter
2037 3348 2474 3428 conjecturam
2507 3375 2650 3415 cer-

532 3459 837 3523 tissimam
854 3504 872 3537 ,
902 3480 1029 3544 qua
1060 3458 1161 3521 usi
1191 3479 1449 3538 sumus,
1480 3455 1676 3520 fidem
1701 3457 1924 3520 fecerit
1951 3473 2136 3521 vetus
2163 3455 2558 3542 Glossarius,
2581 3461 2650 3522 in

532 3587 665 3651 quo
716 3563 1023 3649 scriptum
1056 3563 1332 3651 legitur:
1384 3561 1726 3644 oscillum,
1760 3572 2012 3643 ςομάτιον·
2049 3578 2204 3626 sunt
2251 3563 2424 3626 enim
2465 3563 2652 3629 larvae

518 3687 600 3738 ,et
630 3681 935 3749 προσωπεῖα,
969 3684 1044 3731 ut
1074 3691 1151 3732 ex
1184 3669 1519 3734 Macrobio
1551 3669 2026 3760 cognoscimus,
2057 3693 2202 3758 quae
2231 3670 2296 3733 in
2336 3681 2561 3752 αἰώραις,
2593 3689 2652 3736 et

530 3773 981 3854 jactationibus
1012 3771 1272 3838 ludicris
1312 3776 1561 3840 Rustici
1579 3776 1677 3839 ori
1701 3775 2149 3862 opponebant,
2183 3793 2260 3841 ut
2283 3795 2501 3840 essent
2533 3801 2654 3842 ma·

448 4395 2890 4690 *¹*—
