2964 4690
922 329 1842 401 TECHNOPAEGNION.

322 457 605 524 earcere
638 453 705 520 in
743 452 993 545 Argivo
1029 450 1528 543 Philopoemena
1563 439 1743 520 lenta
1779 450 1944 519 adiit

320 563 545 634 Tertia
584 563 809 656 opima
847 560 1027 630 dedit
1066 559 1387 654 spoliatus
1422 561 1847 630 Aremoricus

322 675 481 742 Sera
515 685 840 739 venenato
872 685 1039 763 potu
1075 668 1353 739 abstulit
1387 669 1834 740 Hannibalem

324 786 458 853 Res
488 781 661 850 Asiae
693 795 977 875 quantas
1011 778 1144 850 leto
1185 778 1371 848 dedit
1405 781 1772 850 immeritas

328 889 551 959 Ultrix
580 889 886 984 flagravit
922 889 1005 958 de
1044 889 1325 983 rupibus
1358 869 1677 959 Euboicis

2307 329 2444 416 545

2155 477 2356 526 ωσι-ι.

2169 569 2357 636 LarS.
2403 589 2450 628 ιε

2204 699 2352 745 nex.

2121 873 2128 882 .
2147 782 2357 854 fraus!

2226 893 2354 964 fax.

327 1005 473 1072 Stat
500 1000 681 1068 Jovis
706 997 794 1067 ad
828 999 1138 1094 cyathum
1157 1050 1176 1083 ,
1201 1013 1475 1094 generat
1493 1023 1693 1093 quem
1723 998 2104 1070 Dardanius
2165 1005 2356 1080 Tros.

332 1109 743 1204 Praepetibus
778 1109 1015 1203 pennis
1046 1132 1121 1178 su
1128 1132 1245 1202 per
1279 1132 1433 1177 aera
1467 1123 1695 1177 vectus
1730 1106 1938 1177 homo

328 1217 566 1290 Intulit
600 1220 919 1289 incestam
960 1219 1085 1288 tibi
1122 1219 1293 1316 vim,
1327 1215 1732 1306 Philomela,
1771 1217 1949 1287 ferus

2175 1113 2360 1182 Cres.
2413 1149 2464 1176 ιτ·

2121 1221 2365 1293 Thrax.

405 1431 485 1486 14.
518 1429 725 1478 Camere
740 1427 794 1476 in
818 1427 1016 1493 Argivo.
1043 1424 1107 1475 In
1133 1441 1293 1495 quem
1318 1440 1351 1476 a
1435 1387 1953 1493 intellignjraudan‚
1969 1439 2078 1494 qua
2088 1423 2231 1477 Paris
2245 1441 2464 1480 uxorem

332 1503 610 1557 Messeniis
624 1503 1019 1575 captus,nohilis
1035 1502 1125 1554 ille
1138 1501 1353 1556 Achaeo-

330 1601 453 1635 rum
507 1583 800 1655 Imperator
848 1584 1117 1654 conjectus
1162 1580 1352 1633 fuerat.

332 1660 457 1715 vid.
484 1661 753 1714 Plutarch.
781 1655 836 1713 in
866 1664 979 1734 ejus
1002 1660 1358 1712 vitm-Lenta

328 1744 457 1794 adiit
480 1761 627 1794 mors.
652 1740 877 1794 Veneno
904 1741 1049 1794 lento
1073 1739 1323 1792 conscita.

407 1821 490 1874 15.
510 1822 821 1873 Aremoricus
839 1823 979 1870 lars.
992 1816 1361 1874 Viridomarus

332 1899 641 1953 Insubrium
694 1898 969 1951 Gallorum
1021 1916 1151 1960 rex,
1204 1914 1362 1969 quem

333 1977 653 2033 Plutarchus
677 1982 1018 2032 Bn'eomareem
1043 1988 1219 2032 vocat.
1244 1979 1365 2030 Are-

334 2057 566 2112 moricus
619 2055 815 2115 dicitur
862 2056 952 2110 hic
997 2075 1098 2129 pro
1147 2055 1332 2109 Gallus
1346 2103 1364 2132 ‚

334 2135 668 2209 synecdoche
688 2135 871 2208 partis.
893 2136 988 2189 Est
1010 2135 1155 2188 enim
1177 2133 1363 2188 Gallio

332 2233 455 2286 pars
492 2215 818 2268 Aremorica.
858 2214 1066 2267 Dicitur
1104 2213 1211 2266 Lar
1248 2213 1361 2266 sive

333 2296 497 2364 Lars,
528 2294 675 2367 quod
708 2294 911 2349 occisus
944 2303 998 2348 et
1037 2293 1293 2365 spoliatus
1329 2309 1362 2343 s

335 2374 621 2441 Marcello,
652 2375 805 2428 tertia
832 2374 1014 2445 opima
1044 2366 1212 2463 spolia
1242 2368 1363 2423 Jovi

336 2452 502 2518 dedit,
518 2466 579 2506 ut
599 2454 723 2518 Lar,
748 2457 858 2505 sive
877 2452 1034 2512 Lars,
1054 2450 1163 2504 sive
1180 2449 1365 2503 Lartos

339 2532 657 2586 Tolumnius
680 2532 749 2584 ab
766 2534 828 2583 A.
845 2529 1005 2583 Com.
1024 2526 1223 2581 Cosso
1206 2540 1366 2579 inter-

340 2611 511 2665 fectus
534 2609 770 2663 secunda
797 2608 975 2681 opima
998 2606 1169 2678 spolia
1201 2604 1365 2658 dede-

338 2704 451 2757 rat,
471 2707 638 2763 quum
668 2687 840 2760 prima
875 2684 1175 2739 Romulus'
1158 2703 1273 2757 ipse
1298 2683 1367 2737 de

342 2773 567 2837 Acrone,
578 2766 968 2821 Caeninensium
982 2783 1127 2837 rege,
1138 2764 1258 2817 Jovi
1270 2762 1367 2816 Fe-

340 2848 504 2903 retrio
522 2810 739 2901 tulisset.
763 2846 965 2898 Notum
982 2855 1062 2899 est
1078 2846 1249 2913 opima
1257 2863 1369 2909 spo-

342 2934 413 2982 lia
440 2948 553 2982 esse
594 2946 711 3000 quae
736 2927 1031 2999 Imperator
1054 2922 1368 2999 Imperatori

343 3007 593 3061 detrahit.
628 3008 709 3061 De
752 3006 858 3060 hoc
889 3003 1144 3057 Marcello
1177 3001 1368 3074 virgil.

345 3091 471 3141 AEn.
510 3086 622 3153 VI,
668 3086 804 3150 860,
859 3081 1065 3136 inducit
1104 3080 1367 3135 Anchisen

347 3170 529 3220 AEneae
564 3162 709 3237 apud
744 3164 951 3216 Inferos
981 3161 1057 3214 sic
1084 3160 1372 3214 vaticinan-

346 3257 492 3299 tem.
526 3243 854 3316 «Tertiaqne
892 3259 1038 3293 arma
1083 3238 1222 3311 patri
1262 3256 1373 3292 sus-

348 3322 549 3393 pendet
573 3335 725 3397 capta
751 3320 1044 3388 Quirino».

425 3405 505 3455 16.
530 3408 652 3461 Sem
670 3415 953 3461 venenato,
982 3409 1084 3451 etc.
1114 3403 1235 3451 Sera
1258 3396 1378 3464 hie,

350 3498 459 3533 non
497 3484 664 3547 lenta,
701 3491 759 3532 ιιι
803 3498 981 3557 supra
1006 3476 1076 3531 de
1116 3475 1378 3547 Philopoe-

353 3577 523 3620 mene,
540 3556 635 3611 sed
652 3576 802 3629 qum,
820 3560 943 3611 licet
962 3534 1217 3619 violenta,
1234 3553 1384 3607 tarde

352 3649 527 3690 tamen
543 3636 829 3690 Hannibali
842 3636 1067 3709 contigit
1084 3654 1229 3689 anno
1256 3646 1384 3687 nta-

359 3716 423 3777 tis
448 3715 857 3789 septuagesimo.

433 3814 515 3866 17.
554 3800 648 3846 Res
680 3799 817 3847 Asioe
858 3810 1071 3863 quantas
1116 3800 1209 3848 leto
1252 3796 1389 3847 dedic

359 3876 619 3927 immeritas
630 3876 803 3945 fraus.
825 3874 1085 3929 Fraudem
1116 3874 1263 3927 illam
1296 3891 1389 3927 no-

360 3964 469 4005 ster
492 3954 705 4026 exponit
736 3953 805 4007 de
831 3953 968 4009 fictis
988 3954 1200 4009 Sinonis
1220 3954 1388 4026 lacry—

362 4032 486 4097 mis,
505 4046 557 4086 et
574 4052 714 4107 equo
731 4032 907 4105 ligneo
923 4055 939 4102 ;
964 4052 1063 4087 cur
1082 4054 1191 4087 non
1214 4033 1389 4106 potins

627 4127 791 4192 VII.

1438 1501 1660 1572 hospitis
1701 1500 1784 1554 sui
1819 1501 1997 1572 rapuit
2020 1541 2037 1568 ,
2082 1502 2256 1556 multo
2299 1505 2466 1560 milite

1438 1577 1751 1652 repetitam?
1783 1611 1853 1620 ——
1899 1579 2005 1633 Pro
2044 1580 2184 1648 hoc,
2229 1583 2466 1641 habebnt

1446 1669 1597 1713 vetus
1618 1657 1785 1712 codex
1801 1660 2057 1712 :Fallaces
2079 1664 2300 1730 Ligures.
2319 1669 2468 1717 Nullo

1447 1741 1567 1790 sicus
1595 1741 1645 1790 in
1661 1741 1822 1807 pretio
1844 1742 1956 1790 Car.
1969 1739 2169 1793 Versus
2192 1741 2282 1794 hic
2302 1751 2472 1797 trans·

1446 1817 1650 1892 positus
1677 1817 1734 1870 in
1759 1817 1923 1870 veteri
1943 1818 2078 1871 libro
2101 1819 2475 1874 inveniebatur

1451 1907 1574 1950 ante
1612 1895 1763 1948 illum
1786 1914 1800 1948 ε
1849 1899 2011 1948 meris
2041 1901 2318 1968 flagravit,
2367 1911 2474 1954 etc.

1451 1972 1599 2028 unde
1623 1994 1746 2028 cnm
1761 1973 2016 2027 Turnebo
2035 1975 2276 2047 spurium
2290 1979 2442 2050 illum
2456 1997 2473 2031 ε
2559 1977 2566 1984 “

1450 2063 1568 2108 Jam
1592 2059 1780 2124 pelago
1814 2059 1995 2109 volitat
2037 2072 2283 2109 mereator
2323 2063 2484 2118 vose&

1431 2138 1577 2207 fluns
1601 2140 1704 2196 Ser,
1736 2136 2100 2206 expunximus.
2125 2136 2380 2192 Tonans.

1524 2214 1604 2266 18.
1627 2215 1969 2282 Ultrix..,fizx.
1990 2214 2110 2278 Qua
2140 2232 2172 2266 e
2198 2215 2477 2287 Caphereo

1446 2290 1660 2344 Euboea
1687 2291 2058 2364 promontorio
2075 2292 2278 2366 sublata
2293 2333 2309 2357 ,
2337 2295 2480 2349 Nau-

1450 2372 1591 2462 plius
1621 2368 1958 2424 redeuntium
1985 2371 2291 2427 Graecorum
2317 2392 2482 2429 naves

1451 2450 1507 2501 in
1531 2448 1778 2521 scopulos
1801 2448 1998 2503 adlexit
2025 2468 2088 2502 ac
2113 2450 2305 2523 fregit,
2330 2453 2481 2507 Pala-

1450 2526 1664 2581 medem
1685 2526 1855 2581 filium
1881 2546 2038 2581 snum
2057 2568 2074 2595 ,
2109 2548 2268 2603 quem
2304 2531 2484 2586 inson-

1452 2619 1559 2661 tem
1599 2605 1822 2660 infando
1864 2607 2066 2660 indicio
2105 2609 2222 2663 neci
2258 2609 2484 2665 demise-

1450 2698 1598 2753 rant,
1623 2686 1728 2740 hoe
1755 2696 1872 2739 astu
1895 2686 2172 2739 ulciscens.

1530 2782 1612 2835 19.
1637 2769 1854 2818 Gener-at
1874 2785 2017 2832 quem
2035 2770 2321 2819 Dardanius
2340 2772 2480 2821 Tros.

1456 2842 1796 2917 Ganymedes
1820 2843 1977 2897 Trois
2019 2842 2158 2896 filius
2195 2845 2253 2897 in
2294 2845 2484 2899 celum

1456 2936 1671 2997 raptus,
1697 2936 1750 2976 et
1774 2923 2056 3015 pocillator
2081 2924 2303 2978 effectus
2321 2926 2487 2981 Jovis.

1457 3009 1586 3069 Stat,
1613 3004 1829 3075 proprie
1852 3002 1921 3055 de
1937 3002 2264 3075 pocillatore,
2281 3005 2375 3078 qni
2391 3016 2492 3059 stat

1456 3082 1526 3135 ad
1545 3082 1816 3156 cyathum.

1536 3180 1618 3215 ιο.
1664 3167 1822 3214 Homo
1861 3164 1990 3213 Cres.
2024 3161 2340 3233 Pervulgata
2377 3130 2491 3217 Da-

1461 3239 1570 3295 dali
1616 3241 1828 3305 fabula,
1865 3240 1986 3311 qui,
2025 3251 2086 3293 ut
2117 3240 2317 3293 Minois
2353 3240 2492 3295 iram

1464 3312 1752 3388 effugeret,
1805 3318 1904 3371 sibi
1967 3337 2177 3411 pennas
2233 3322 2496 3392 aptavisse

1462 3399 1651 3461 fertur,
1671 3398 1797 3471 quia
1817 3398 2015 3451 scilicet
2031 3398 2235 3469 primns
2255 3401 2498 3454 omnium

1468 3478 1589 3531 vela
1636 3489 1688 3531 et
1736 3488 1994 3531 antennas
2047 3478 2169 3529 navi
2222 3478 2496 3550 imposuit.
2521 3540 2531 3549 ,

1469 3556 1678 3610 Dicitur
1709 3574 1836 3609 vero
1876 3558 2014 3617 aes,
2060 3574 2169 3609 non
2188 3594 2203 3619 ,
2242 3558 2386 3629 quod
2417 3578 2503 3613 re·

1472 3656 1596 3691 vcra
1617 3677 1633 3702 ,
1675 3648 1736 3689 ut
1761 3636 1958 3688 Vineto
1988 3637 2194 3707 placet,
2231 3636 2502 3692 Cretensis

1476 3717 1637 3770 fuerit
1653 3754 1669 3779 ,
1690 3728 1774 3781 at,
1799 3714 1944 3786 quod
1974 3732 2004 3767 e
2031 3716 2189 3770 Creta
2210 3734 2331 3769 eum
2353 3716 2502 3769 fabu-

1476 3796 1654 3849 lantur
1677 3794 1922 3849 evolasse.
1948 3794 2069 3847 Fuit
2090 3795 2230 3847 enim
2250 3794 2339 3847 ille
2349 3796 2510 3848 Athe·

1479 3874 1674 3929 niensis
1703 3874 1849 3927 faber
1871 3885 1923 3926 et
1946 3873 2190 3927 Micionis
2209 3873 2366 3927 filius.

1549 3971 1633 4006 n.
1654 3958 1800 4005 Ferus
1822 3956 2009 4005 Thrax.
2031 3953 2232 4006 Tereus
2254 3952 2507 4013 Procnes,

1476 4032 1779 4086 Philomela
1802 4032 2026 4096 sororis,
2062 4031 2302 4085 maritus.
2339 4031 2512 4087 Fabu-

2178 4119 2268 4201 35
