2964 4690
795 386 1447 459 MAXIMIANO
1507 386 2045 454 ADHIBITA.
2347 382 2480 481 173

352 544 509 587 cnm
540 521 837 609 exemplo
874 520 1211 585 Pithoeano
1246 518 1317 581 in
1346 518 1568 606 Epigr.
1601 533 1670 579 et
1712 516 1930 581 Poem.
1971 531 2098 581 vet.
2129 537 2274 605 pag.
2307 517 2436 595 423
2455 565 2474 597 ,

354 627 914 715 descriptamque,
968 625 1067 691 uti
1116 622 1343 689 titulus
1396 622 1558 686 mihi
1611 622 1909 710 praeferre
1965 622 2138 685 visus
2195 636 2292 684 est
2315 670 2334 703 ‚
2396 623 2478 685 ab

354 733 441 796 H.
474 734 547 795 G.
579 731 841 797 Hennio
865 778 884 812 ,
914 732 997 795 D.
1022 728 1335 793 benevole
1364 727 1664 793 submisit
1683 726 1880 807 mihi,
1907 726 2014 791 cui
2045 741 2110 789 et
2135 727 2334 790 multa
2361 728 2480 791 alia

352 837 598 919 debeo,
630 838 819 901 Laur.
854 835 1195 900 Santenius
1214 882 1235 915 ,
1270 834 1347 897 V.
1380 835 1450 896 C.
1485 833 1599 921 qui
1631 849 1700 897 et
1722 832 1874 897 alias
1904 832 2236 896 varietates
2256 832 2480 897 lectio·

334 944 459 1031 ‘nis
501 920 925 1030 adscripscrat
962 963 1001 1003 e
1046 938 1391 1028 Florilegio
1408 986 1429 1020 ,
1476 936 1658 1026 quod
1707 938 1844 1025 ipse
1890 936 2208 1026 possidet,
2253 960 2482 1003 manu·

354 1047 749 1135 scriptorum
796 1045 1237 1133 antiquorum.
1278 1046 1451 1109 11ωο
1506 1044 1759 1108 collatio
1813 1064 2308 1130 nonnumquam
2355 1043 2480 1108 du·

354 1154 553 1241 plices
588 1152 898 1217 lectiones
920 1200 939 1233 ,
990 1150 1284 1237 adeoque
1319 1166 1716 1239 comparatas
1748 1172 1898 1214 cum
1943 1149 2067 1214 alio
2101 1150 2330 1239 ignoto
2365 1173 2478 1214 co-

356 1256 503 1323 dice
522 1304 543 1339 ,
602 1258 818 1321 offert.
876 1255 1077 1340 Quod
1128 1255 1415 1321 similiter
1465 1254 1886 1320 animadverti
1935 1256 2004 1319 in
2061 1256 2286 1320 codice
2321 1255 2436 1320 MS
2459 1304 2478 1332 ‚

352 1381 555 1449 quem
584 1360 903 1426 utendum
936 1360 1097 1425 mihi
1121 1360 1608 1450 perhumaniter
1630 1360 1949 1425 concessit
1973 1361 2026 1423 J.
2055 1361 2138 1425 N.
2161 1360 2476 1438 Niclasius

350 1467 688 1555 Gymnasii
706 1468 982 1533 Joannei
1008 1465 1532 1553 Luneburgensis
1563 1464 1862 1529 Director
1882 1464 2308 1555 gravissimus.
2337 1467 2480 1531 Hoc

352 1574 721 1661 exemplum
763 1572 1075 1661 scriptum
1096 1620 1119 1654 ,
1164 1573 1318 1660 quia
1368 1594 1522 1635 uno·
1545 1570 1767 1637 codice
1795 1566 1964 1636 ⁴cum
1993 1572 2146 1640 ,aliis
2189 1572 2369 1637 libris
2415 1590 2518 1641 et.

352 1679 747 1745 carminibus
792 1700 966 1742 anno
1014 1681 1178 1764 1494
1224 1693 1291 1746 et
1333 1678 1538 1742 serius
1579 1677 1832 1766 scriptis
1881 1678 2276 1762 continetur,
2323 1679 2480 1743 hinc

354 1785 519 1849 mihi
562 1785 771 1849 visum
816 1800 915 1849 est
950 1785 1021 1849 in
1063 1782 1189 1848 fine
1224 1784 1439 1849 soeculi
1477 1784 1620 1863 XV,
1651 1798 1770 1847 aut
1810 1784 2126 1872 principio
2169 1783 2331 1849 adeo
2367 1784 2479 1850 de·

354 1891 507 1955 cimi
525 1892 685 1955 sexti
704 1906 1033 1955 exaratum
1070 1912 1229 1957 esse.
1258 1891 1407 1972 Qua
1438 1891 1506 1955 in
1541 1912 1612 1953 re
1643 1906 1718 1954 ut
1746 1888 1984 1955 dubius
2013 1891 2135 1955 sim
2153 1940 2171 1974 ‚
2202 1892 2356 1959 facit
2379 1892 2479 1955 in·-

354 1996 581 2085 primis
616 1996 939 2061 distichon
978 1997 1211 2085 Elegiae
1248 1996 1362 2078 IV,
1394 2020 1452 2059 v.
1495 2000 1574 2074 34
1595 2044 1614 2077 ,
1651 2018 1688 2059 3
1722 1996 2002 2061 Gaui-ico
2033 1997 2477 2087 fraudulenter

354 2101 665 2167 omissum
688 2150 709 2185 ,
758 2101 941 2190 quod
990 2104 1268 2191 scriptor
1306 2102 1504 2183 hujus
1539 2101 1810 2191 exempli
1849 2124 1983 2165 non
2017 2103 2083 2166 in
2121 2101 2284 2167 serie
2319 2125 2476 2166 con-

354 2222 569 2273 textus
589 2254 609 2289 ,
642 2206 757 2273 sed
803 2208 875 2273 in
921 2209 1209 2298 margine
1252 2207 1608 2297 adscripsit.
1653 2207 1846 2272 Unde
1881 2208 2162 2297 suspicio
2196 2224 2327 2290 est,
2368 2209 2478 2273 ha-

350 2313 573 2378 buisse
622 2335 777 2379 eum
832 2330 984 2380 ante
1034 2314 1258 2380 oculos
1312 2314 1680 2403 exemplum
1736 2312 1998 2380 Gaurici
2022 2372 2030 2385 ,
2051 2314 2472 2404 impressum,

354 2419 537 2507 quod
568 2444 741 2486 anno
772 2421 987 2509 primo
1022 2422 1236 2486 saeculi
1266 2421 1423 2486 XVI
1454 2422 1790 2509 vulgatum
1824 2437 1922 2488 est
1938 2469 1957 2502 ,
1990 2437 2066 2486 et
2089 2421 2470 2509 scripturam

353 2547 537 2590 suam
569 2527 629 2590 ei
660 2525 1217 2608 accommodasse3
1258 2527 1328 2591 in
1362 2549 1497 2614 quo
1541 2527 1692 2614 quia
1729 2526 2040 2592 omissum
2074 2526 2333 2593 videbat
2367 2528 2471 2595 di-

354 2632 609 2696 stichon
628 2681 647 2714 ‚
682 2633 861 2721 quod
896 2635 964 2696 in
1000 2633 1252 2722 scriptis
1288 2633 1756 2721 exemplaribus
1787 2632 2188 2714 inveniebat,
2222 2635 2474 2722 putavit

354 2737 514 2802 illud
540 2739 609 2802 in
636 2741 923 2829 margine
948 2739 1347 2829 ponendum.
1376 2738 1479 2804 Ad
1511 2738 1706 2804 finem
1738 2739 1884 2804 libri
1905 2787 1924 2820 ,
1955 2737 2178 2803 itidem
2210 2739 2278 2802 in
2307 2764 2474 2804 mar-

354 2844 507 2933 gine
526 2891 547 2926 ,
584 2845 859 2933 adponit
893 2844 1251 2926 distichon,
1290 2843 1468 2933 quod
1514 2867 1754 2909 nomen
1789 2844 2028 2908 librarii
2071 2843 2352 2910 indicare
2387 2847 2478 2908 vi-

355 2947 571 3014 detur.
618 2951 818 3034 Quod
864 2953 1017 3040 quia
1062 2949 1377 3016 mendose
1414 2967 1481 3017 et
1525 2950 1801 3014 obscure
1843 2951 2153 3038 scriptum
2195 2967 2292 3014 est
2309 2999 2327 3033 ‚
2361 2951 2474 3016 ad-

354 3076 535 3143 pono
562 3056 719 3122 illud
736 3105 755 3138 ,
792 3059 960 3122 sicut
988 3057 1057 3121 in
1096 3055 1317 3122 codice
1340 3056 1634 3122 Ecclesiae
1662 3055 1980 3121 Patavinae
2011 3057 2252 3120 lectum
2276 3057 2473 3121 refert

355 3162 795 3244 Fontaninus,
828 3163 875 3228 l.
904 3186 961 3228 c.
990 3186 1131 3253 pag.
1164 3168 1287 3251 491

632 3319 851 3374 Talibus
876 3321 1077 3374 infecte
1104 3321 1325 3394 deponis
1351 3322 1514 3376 verba
1533 3333 1752 3376 senecta

701 3408 937 3482 Scriptus
957 3411 1024 3463 ab
1042 3409 1353 3477 Erimacho‚
1381 3410 1692 3465 Maximiane
1711 3447 1728 3474 ,
1763 3411 1928 3482 Lupo.

356 3559 526 3623 Huic
574 3583 769 3647 porro
805 3561 1140 3650 subjungit
1170 3584 1389 3626 versus
1422 3584 1500 3626 ex
1535 3562 1743 3626 alieno
1779 3560 2060 3626 carmine
2095 3561 2225 3626 huc
2270 3578 2476 3626 trans-

353 3665 553 3747 latos,
590 3690 755 3756 quos
779 3667 874 3756 (1)
915 3668 1106 3732 etiam
1138 3667 1425 3734 codicem
1458 3669 1846 3733 Vossianum
1885 3683 1950 3732 et
1982 3667 2310 3756 antiquam
2347 3666 2476 3732 edi-

356 3773 599 3837 tionem
633 3772 1081 3839 Germanicam
1114 3773 1350 3839 habere
1380 3774 1514 3839 dixi
1540 3798 1556 3838 z

640 3921 857 3980 Promis
886 3933 968 3976 tot
994 3921 1177 3975 forma
1202 3933 1441 3978 numerat
1466 3921 1586 3993 quis
1610 3939 1742 3974 voce
1775 3919 1986 3977 fatenda
2004 3959 2020 3984 ,
2040 3931 2138 3972 etc.

427 4089 503 4158 (1)
540 4087 677 4142 Vide
694 4107 849 4160 supra
866 4126 881 4152 ‚
891 4097 1013 4164 3101.
1034 4107 1055 4140 1
1087 4085 1155 4141 ad
1182 4107 1302 4160 pag.
1334 4087 1453 4155 165,
1473 4086 1574 4142 hoc
1599 4099 1756 4141 tomo.
1779 4085 1878 4140 En.
1983 4171 1990 4176 Ι
