2964 4690
539 371 678 444 218

1300 375 1897 446 MAXIMIANI

727 499 872 566 Hoc
909 510 1170 565 tantum
1211 511 1497 586 rectum,
1534 498 1720 593 quod
1754 500 1929 594 sapit
1968 501 2143 594 ipse,
2184 513 2395 594 putat.

629 609 714 675 Se
750 604 967 676 solum
1009 605 1284 676 doctum
1305 659 1325 694 ,
1359 631 1428 676 se
1467 607 1729 703 judicat
1767 633 1907 678 esse
1948 609 2277 704 peritum3

722 719 808 786 Et
844 716 1024 812 quod
1057 717 1144 786 sit
1173 717 1472 812 sapiens,
1510 718 1754 813 desipit
1788 719 1944 790 inde
1986 721 2221 815 magis.
2588 754 2665 781 ιοο

623 826 840 898 Multa
883 826 1038 898 licet
1066 827 1261 898 nobis
1295 827 1584 899 referens
1604 883 1624 917 ,
1650 829 2019 924 eademque
2047 828 2393 899 revolvens

722 943 1007 1020 Horret,
1041 953 1110 1008 et
1145 936 1536 1033 adloquium
1572 941 1885 1034 conspuit
1920 942 2063 1035 ipse
2096 963 2313 1010 suum.

623 1048 870 1144 Deficit
906 1049 1198 1138 auditor,
1235 1073 1376 1118 non
1411 1047 1638 1120 deficit
1672 1051 1813 1145 ipse
1855 1047 2225 1146 loquendo:

722 1163 788 1229 Ο
825 1158 964 1230 sola
1007 1159 1208 1230 fortes
1245 1159 1635 1256 garrulitate
1668 1158 1894 1230 senes!

621 1271 872 1340 Omnia
913 1271 1366 1367 nequidquam
1401 1269 1707 1342 clamosis
1744 1270 2019 1342 vocibus
2056 1269 2325 1365 implet:
2587 1291 2665 1326 20⁵

717 1378 828 1450 Nil
864 1381 1021 1450 satis
1055 1396 1192 1466 est;
1237 1381 1501 1466 horret,
1532 1405 1681 1475 quae
1707 1378 2015 1476 placuere
2050 1379 2273 1449 modo.

623 1489 902 1560 Adridet
937 1489 1019 1562 de
1058 1517 1126 1562 se
1157 1491 1558 1579 ridentibuS‚
1592 1516 1670 1561 ac
1714 1489 1839 1560 sibi
1879 1489 2199 1585 plaudens

717 1600 964 1695 Incipit
1003 1603 1368 1697 opprobrio
1405 1598 1616 1671 laetior
1648 1626 1791 1674 esse
1820 1627 1963 1672 suo,

621 1713 744 1780 Hae
783 1729 941 1784 sunt
982 1714 1291 1808 primitiae
1333 1713 1604 1801 mortis3
1636 1711 1743 1782 his
1782 1711 2083 1808 partibus
2118 1724 2276 1780 aetas

525 1937 668 2008 poris
689 1937 793 1990 acti
815 1937 886 1990 Se
906 1954 1092 2008 pum,
1119 1957 1307 1996 censor
1328 1939 1551 2010 castiga-

526 2027 717 2088 torque
745 2017 1016 2070 minorum
1036 2043 1078 2070 u.
1107 2017 1176 2071 Et
1198 2018 1398 2072 Tibull.
1435 2019 1547 2080 111,

535 2096 590 2160 5,
619 2099 710 2150 26:
735 2121 757 2144 ι
780 2097 850 2150 Et
866 2097 1094 2150 referam
1117 2097 1298 2168 pueris
1311 2109 1549 2170 tempora

532 2175 704 2246 prisca
727 2195 886 2230 senex
899 2201 942 2230 υ.

601 2257 717 2324 198.
741 2261 848 2309 Hoc
875 2259 1030 2309 solum
1053 2255 1154 2310 Pu.
1186 2267 1240 2310 et
1263 2255 1396 2312 alin.

599 2352 718 2389 ²00.
765 2337 951 2406 Desipt’t
975 2337 1080 2406 lpse
1117 2335 1189 2388 V.
1231 2334 1328 2389 Gr.
1373 2337 1554 2405 decipit

523 2416 628 2481 ipsc
651 2414 755 2470 Pu.

601 2512 716 2549 ποι.
747 2498 895 2547 Vobis
921 2495 1139 2565 reserens
1163 2494 1234 2549 G.

596 2592 714 2627 ποι.
765 2579 955 2627 Nan-ae
991 2592 1092 2647 pro
1127 2578 1292 2629 home
1333 2574 1401 2625 V.
1439 2572 1546 2627 Gr.

524 2656 762 2723 conspicit
802 2672 901 2727 pro
943 2656 1166 2723 conspuit
1201 2653 1267 2706 G.
1291 2651 1445 2705 male.
1472 2682 1545 2695 —

526 2736 720 2787 Home.
766 2733 1006 2807 Explicat
1045 2733 1304 2788 Wernsd.
1367 2730 1541 2797 filius,

523 2814 674 2867 vultu
699 2833 760 2868 ac
787 2833 1032 2867 sermone
1057 2812 1310 2867 horridus
1333 2825 1386 2865 et
1408 2823 1544 2867 teter

523 2905 619 2947 est.
643 2895 743 2947 En.
781 2924 852 2937 —-
875 2898 1172 2963 Adloquium
1197 2894 1419 2961 conspuit
1443 2894 1546 2961 ipss

525 2994 679 3027 suum.
697 2974 946 3047 Adloqnii
969 2976 1052 3027 sni
1077 2972 1346 3028 fastidium
1366 2983 1547 3025 movet

525 3053 782 3124 spurcitie
807 3055 946 3120 oris,
983 3052 1114 3107 dum
1149 3052 1288 3106 inter
1323 3051 1544 3123 loquen-

523 3130 656 3185 dum
702 3132 866 3187 saliva
915 3144 1184 3187 commota
1233 3130 1545 3203 frequenter

525 3212 688 3282 spuit.
709 3214 788 3265 De
806 3209 1104 3266 canssidico
1115 3209 1457 3265 vehementer
1471 3210 1546 3262 lo-

523 3300 720 3362 quente
735 3290 1157 3357 Juvenaliaxu,
1187 3307 1210 3344 1
1223 3306 1316 3343 ηε
1344 3314 1370 3336 ·
1385 3289 1546 3343 Tunc

525 3370 781 3423 immensa
795 3372 912 3423 cavi
931 3370 1134 3444 spirant
1153 3366 1432 3423 mendacia
1449 3368 1549 3423 fol·

525 3450 624 3511 les,
653 3450 1240 3523 Conspuiturquesinus
1266 3472 1314 3500 ι.
1339 3446 1544 3500 Vitium

525 3528 788 3582 concitate
815 3529 1174 3601 loquentium,
1207 3526 1436 3583 maxime
1461 3545 1543 3583 se-

525 3626 680 3670 num,
707 3608 1038 3661 existimatur
1057 3624 1313 3681 spumans
1329 3624 1424 3661 ore
1455 3624 1541 3662 sa-

525 3686 642 3739 liva.
687 3688 768 3739 De
811 3685 1036 3739 Claudio
1073 3704 1197 3739 sene
1239 3685 1544 3758 Suetonius,

526 3785 644 3837 cap.
674 3764 742 3819 30
771 3784 784 3817 ε
827 3793 853 3811 «ι
881 3766 958 3819 irs
995 3765 1203 3837 turpior
1239 3776 1380 3826 erat,
1416 3782 1541 3835 spu·

527 3856 704 3899 inante
728 3846 890 3907 rictu,
911 3843 1256 3897 humentibus
1269 3843 1491 3897 naribus
1505 3864 1543 3909 ις

525 3938 576 3977 et
597 3926 841 3978 Juvenal.
869 3924 974 3983 VI,
1005 3926 1106 3977 622
1129 3942 1144 3975 ε
1185 3926 1544 3979 ata-emulum·

525 4024 630 4075 que
657 4020 816 4077 caput
833 4002 1154 4057 descendere
1170 3998 1328 4074 jussit
1351 4002 1418 4057 In
1441 4021 1545 4056 οε·

533 4086 642 4139 lum
661 4127 674 4152 ,
701 4099 754 4141 et
787 4086 943 4158 longa
973 4085 1238 4140 manantia
1261 4086 1410 4139 labra
1429 4085 1546 4138 sali-

1640 1957 1707 1991 va
1728 1943 2123 1992 -.—-—Tremsntia
2142 1941 2286 1990 labra
2301 1975 2318 2000 ,
2346 1937 2424 1991 id.
2440 1936 2515 2002 X,
2544 1955 2665 2005 191.

1714 2025 1834 2081 206.
1848 2024 1893 2070 Ο
1904 2023 2013 2072 sola
2018 2020 2181 2087 fortes
2190 2020 2489 2087 garrulitate
2501 2036 2662 2069 senes.

1638 2097 1907 2152 Sententia
1930 2099 2045 2154 heo
2066 2098 2205 2154 forte
2230 2099 2300 2151 ab
2322 2097 2558 2150 Homero
2571 2094 2665 2149 de·

1638 2177 1810 2233 rivata
1832 2191 1913 2234 est
1928 2215 1945 2244 ,
1964 2178 2059 2250 qui
2072 2175 2226 2231 Iliad.
2242 2177 2343 2240 111.
2363 2175 2485 2239 151,
2508 2192 2663 2228 senes

1639 2257 1899 2329 Troianos
1912 2257 2055 2312 bello
2076 2256 2288 2314 inutiles
2306 2293 2323 2320 ‚
2346 2254 2441 2310 sed
2458 2255 2665 2308 otiosos

1638 2348 1692 2391 et
1725 2335 2011 2408 garriendo
2062 2335 2223 2391 fortes
2240 2374 2257 2401 ,
2304 2333 2504 2389 cicadis
2530 2345 2659 2389 stre·

1637 2416 1883 2489 pentibus
1926 2428 2217 2487 comparat.
2258 2416 2329 2471 Et
2366 2415 2551 2469 Cicero
2588 2413 2663 2467 de

1638 2495 1761 2551 Seu.
1792 2516 1839 2549 c.
1883 2503 1972 2561 14,
1996 2514 2145 2549 senes
2173 2494 2433 2547 sermonis
2462 2505 2513 2547 et
2542 2494 2661 2547 col-

1632 2576 1652 2629 l
1764 2574 1778 2587 ⁶
1846 2594 1936 2629 nm
1972 2574 2155 2629 avidos
2196 2592 2309 2629 esse
2342 2574 2557 2629 fatetur.
2586 2604 2662 2613 —

1631 2653 1739 2708 Sed
1830 2672 1895 2709 oc
1942 2653 2001 2707 iu
2050 2652 2264 2709 laudem
2314 2650 2560 2714 adducit,
2602 2664 2661 2705 et

1633 2731 1753 2787 ideo
1776 2752 1835 2787 se
1860 2733 2116 2787 senectuti
2158 2750 2405 2805 magnam
2433 2730 2661 2801 gratiam

1632 2812 1832 2870 habere
1850 2812 2101 2867 declarat.
2124 2812 2226 2865 En.

1708 2896 1825 2948 206.
1846 2898 2022 2945 Horret
2040 2930 2057 2956 ,
2076 2909 2187 2945 non
2214 2904 2273 2945 ut
2300 2910 2354 2945 v.
2378 2908 2479 2945 sos
2494 2890 2659 2960 expli-

1634 2970 1864 3025 candum
1883 3013 1899 3039 ,
1945 2970 2039 3025 sed
2077 2990 2179 3042 pro
2200 2969 2425 3042 refugit,
2462 2968 2661 3023 exhor-

1632 3052 1823 3117 rescit,
1861 3050 2153 3107 detestatur
2196 3068 2259 3105 ea
2278 3087 2297 3113 ,
2334 3067 2453 3121 qun
2478 3046 2663 3120 paullo

1632 3142 1756 3184 ante
1792 3131 2131 3201 placuerant,
2172 3142 2232 3183 ut
2270 3130 2579 3183 inconstans
2602 3138 2665 3181 et

1634 3210 1773 3265 varia
1792 3220 1869 3262 est
1888 3228 2075 3265 senum
2089 3209 2381 3265 morositas.
2396 3208 2509 3262 Nisi
2520 3208 2663 3263 forte

1634 3290 1709 3347 ibi
1734 3293 1935 3343 bort-ent
1958 3288 2243 3361 legendum
2286 3306 2409 3343 cnm
2428 3288 2583 3341 Voss.
2604 3299 2663 3341 et

1632 3370 1869 3424 Gronov.
1895 3370 1998 3421 hoc
2015 3388 2202 3436 sensu,
2224 3386 2341 3440 qun
2362 3380 2515 3423 antea
2536 3367 2662 3438 pla·

1634 3461 1855 3503 cuerant
1876 3448 2041 3501 forma
2059 3449 2241 3502 vultus
2256 3487 2272 3512 ‚
2288 3466 2463 3503 sermo
2479 3484 2498 3510 ,
2512 3464 2663 3501 nnnc

1633 3541 1769 3583 tetra
1796 3540 1919 3583 sunt
1946 3538 1997 3581 et
2014 3527 2247 3581 horrida.
2272 3528 2374 3581 En.

1707 3629 1827 3680 ²⁰7·
1859 3612 2070 3661 Adridee
2098 3612 2163 3661 ds
2186 3629 2241 3661 se
2272 3609 2563 3667 ridentibus,
2592 3626 2661 3659 ac

1634 3692 1724 3741 sibi
1758 3693 2028 3757 plaudens.
2073 3688 2257 3743 Horat.
2304 3690 2366 3740 A.
2410 3684 2465 3739 P.
2520 3702 2617 3739 ιοι
2642 3704 2659 3741 ε

1633 3795 1657 3815 a
1677 3768 1753 3821 Ut
1778 3766 2083 3821 ridentibus.
2098 3766 2371 3832 adi-idem,
2388 3766 2457 3817 ita
2484 3763 2667 3819 flenti-

1633 3848 1736 3901 bus
1762 3844 1956 3899 adsunt
1982 3845 2212 3901 Humani
2229 3844 2407 3899 vultus
2428 3868 2467 3895 ο.
2506 3842 2667 3897 Idem

1632 3928 1803 3981 serm.
1832 3928 1877 3992 1,
1904 3944 1952 3989 ι,
1981 3930 2083 3981 66:
2106 3952 2133 3973 α
2154 3925 2389 3997 Populus
2415 3942 2501 3977 me
2526 3922 2667 3976 sibi·

1634 4004 1711 4059 lat
1728 4042 1745 4069 ,
1770 4018 1823 4059 at
1846 4006 1977 4059 mihi
1999 4004 2197 4079 plaudo
2224 4006 2347 4077 Ipse
2373 4002 2520 4057 domi
2548 4028 2590 4057 ι.

1710 4103 1829 4152 ²⁰9·
1878 4090 1996 4137 Haec
2032 4101 2147 4138 sum
2185 4086 2419 4153 prindeioe
2458 4086 2633 4133 mortis
2656 4120 2673 4149 ,
