2964 4690
1217 411 1602 478 MEDEA.

753 586 975 655 VOX
1023 587 1567 672 DEINTUS*‚
1612 588 2066 658 CHORUS.

1312 777 1503 824 VOX.

443 880 508 945 O
548 875 752 970 digno
783 879 1140 973 conjuncta
1179 880 1362 964 viro,
1399 879 1716 948 dotabere
1752 881 1960 974 virgo.

441 988 636 1054 Ferte
673 986 845 1056 {iices
877 1015 1199 1085 propere,
1232 989 1527 1059 thalamo
1563 989 1889 1060 deducere
1925 992 2141 1061 adorti
2166 1046 2185 1079 ‚
2248 1005 2271 1022 ⁶
2406 989 2481 1052 10⁵⁶

443 1099 581 1164 Ore
616 1095 828 1168 favete
857 1124 1089 1170 omnes
1108 1153 1127 1184 ,
1169 1116 1238 1170 et
1265 1101 1517 1196 cingite
1548 1115 1848 1196 tempora
1884 1103 2107 1173 ramis,

1236 1261 1595 1308 CHORUS.

823 1364 1142 1434 Velamus
1171 1363 1406 1432 fronde
1437 1389 1559 1458 per
1585 1365 1859 1451 urbem,

730 1476 1058 1568 Votisque
1093 1473 1509 1544 incendimus
1546 1499 1715 1543 aras.
1792 1467 1795 1472 ¹

823 1589 972 1654 Heu
1007 1583 1208 1653 corda
1243 1582 1451 1652 oblita
1486 1597 1794 1671 tuorum,

725 1699 974 1764 Vatum
1003 1694 1322 1790 praedicta
1349 1696 1651 1789 priorum
1674 1749 1693 1782 ‚

407 1913 430 1937 ³
444 1914 648 1962 Deineus
667 1929 765 1982 pro
782 1927 930 1962 more
949 1909 1087 1962 illius
1101 1908 1355 1980 temporis

332 1990 466 2043 nihil
483 1989 627 2044 aliud
647 2003 725 2044 est
744 2009 905 2062 quam
925 1995 1076 2052 intus,
1100 2003 1160 2043 ut
1177 1995 1356 2042 decon-

332 2084 409 2121 tra
423 2089 526 2142 pro
545 2085 745 2130 contra,
774 2075 972 2122 desecas
999 2089 1098 2140 pro
1119 2091 1281 2130 secus,
1308 2078 1360 2118 et

333 2148 558 2212 similia3
581 2149 647 2202 de
676 2151 872 2221 quibua
898 2147 1008 2204 vid.
1040 2149 1262 2202 Salmas.
1291 2144 1362 2200 ad

332 2227 618 2299 Capitolia.
641 2229 861 2283 Macrin.
885 2247 1002 2301 cap.
1025 2229 1127 2290 XI,
1150 2248 1207 2300 p.
1232 2231 1356 2298 764,

329 2307 424 2359 uhi
449 2306 588 2361 hanc
623 2307 788 2380 ipsam
821 2327 849 2361 e
886 2307 1051 2361 veteri
1075 2305 1356 2379 Tragoedia

329 2386 531 2441 Medeae
543 2388 942 2460 inscriptionem
959 2388 1098 2440 inter
1119 2389 1244 2440 talia
1264 2386 1356 2439 ad-

331 2465 430 2517 sert
444 2506 460 2529 ‚
499 2478 550 2519 et
593 2467 750 2537 plura
787 2467 945 2539 hujus
987 2467 1128 2519 vocis
1165 2469 1355 2518 deintus

329 2544 573 2615 exempla
619 2545 729 2599 vid.
768 2546 910 2617 apud
953 2546 1238 2599 Muncker.
1286 2544 1356 2598 nd

327 2622 574 2693 Fulgent.
595 2623 784 2697 Expos.
811 2626 980 2679 Serm.
1005 2626 1131 2677 Ant.
1155 2626 1210 2677 in
1232 2644 1349 2693 pro-

327 2722 430 2753 mos
451 2716 506 2755 et
524 2708 732 2771 candos,
763 2724 815 2776 p.
845 2724 970 2776 777.
987 2706 1064 2757 De
1092 2706 1351 2758 similibus

325 2782 499 2832 inante
507 2801 608 2853 pro
619 2798 754 2847 ante,
767 2787 1210 2849 incorammmocb,
1219 2783 1352 2837 aliis-

327 2878 432 2930 que
441 2862 756 2932 compositis
765 2862 1226 2934 praepositionibus
1241 2862 1349 2915 vid.

325 2937 576 2993 Rittersh.
593 2938 662 2991 ad
675 2940 936 2993 Gumher.
955 2960 1006 3012 p.
1023 2960 1110 3011 79;
1125 2942 1350 2994 Taubm.

328 3014 400 3071 ad
425 3018 616 3090 Vix-gil.
650 3022 766 3073 AEn.
790 3020 935 3083 VII,
966 3021 1105 3088 2893
1134 3020 1353 3076 Salman-

327 3095 572 3151 et.Graev.
589 3097 662 3151 ad
681 3098 918 3161 Florum,
946 3099 1036 3151 lib.
1066 3101 1117 3163 1,
1145 3118 1264 3171 cap.
1299 3120 1355 3167 1,

331 3175 588 3248 aliosque.

401 3256 518 3308 106.
542 3260 638 3307 Ore
653 3258 826 3324 favete
865 3277 1033 3310 omnes
1048 3298 1064 3323 ,
1091 3272 1141 3309 et
1174 3260 1355 3326 cingite

325 3348 544 3401 tempora
565 3337 716 3385 ramis
736 3357 754 3386 .·
772 3335 840 3387 ita
863 3334 1004 3388 edidi
1021 3356 1085 3390 ex
1105 3338 1222 3408 ipso
1233 3337 1354 3390 Vir-

325 3412 474 3483 gilio,
495 3418 615 3467 AEn.
639 3414 729 3466 lib.
749 3415 820 3479 V,
845 3434 939 3485 713
973 3415 1094 3469 licet
1117 3416 1172 3467 in
1193 3416 1350 3469 Salm.

325 3502 376 3543 et
399 3489 550 3544 Leid.
572 3491 692 3545 cod.
719 3494 926 3564 legatur
937 3497 1116 3563 cingite
1135 3509 1351 3563 tempora

316 3574 536 3634 flmmis
555 3612 572 3637 ,
607 3576 705 3642 pro
729 3590 836 3642 quo
863 3572 1159 3626 Scriverius
1185 3573 1350 3628 edidit

311 3652 518 3715 palmis,
551 3650 730 3704 nescio
749 3651 924 3715 unde3
945 3664 1087 3705 certe
1107 3654 1164 3705 in
1183 3653 1342 3708 codd.

320 3726 454 3781 MSS
489 3728 698 3803 Virgilii
756 3730 1152 3799 MontalbaniO,
1207 3732 1347 3788 binis

320 3806 828 3881 Rottendorphianis
850 3847 866 3871 ,
940 3810 1306 3883 Hamburgico
1329 3850 1342 3871 ,

321 3884 542 3956 aliisque
567 3889 634 3939 ab
663 3888 886 3941 Heinsio
912 3889 1112 3943 collatis
1136 3929 1152 3955 ,
1189 3904 1249 3943 ut
1293 3902 1344 3943 et

321 3964 828 4035 Amstelaedamensi,
851 3986 1093 4041 meoque,
1105 3983 1346 4023 constan-

1443 1909 1603 1974 Vnt,
1624 1907 1723 1961 286
1741 1929 1754 1960 ε
1775 1908 2056 1980 «Ροριιίεἰο
2071 1907 2263 1961 adsunt
2280 1907 2471 1961 evincti

1446 2001 1687 2059 tempora
1697 1988 1856 2042 ramis
1866 2014 1906 2039 a.
1918 1990 1981 2042 In
1998 1987 2471 2060 fragmwassiano

1448 2080 1560 2120 erat
1576 2105 1591 2130 ,
1617 2082 1831 2136 tempora
1858 2070 2043 2137 cingite
2069 2070 2246 2133 ramis,
2267 2065 2411 2138 quod
2440 2085 2471 2118 e

1448 2147 1692 2200 Romano
1706 2147 1928 2219 aliisque
1949 2147 2109 2200 codd.
2131 2147 2287 2200 etiam
2312 2159 2465 2198 nota·

1447 2227 1523 2278 vit
1554 2227 1779 2294 Pierius,
1811 2238 1865 2278 et
1900 2245 1930 2278 e
1966 2225 2295 2280 Dorvilliano
2329 2225 2465 2276 Bur·

1446 2321 1687 2359 mannua.

1524 2404 1640 2455 107.
1694 2390 1921 2438 Velamus
1939 2388 2132 2455 fronde
2160 2406 2254 2454 per
2286 2388 2466 2436 urbem.

1445 2462 1792 2517 Maloiterum
1814 2465 1983 2519 Sci-iv.
2006 2464 2258 2527 mutavit,
2276 2474 2327 2515 et
2354 2462 2465 2517 edi-

1445 2540 1525 2593 dit
1570 2548 1826 2605 Velamur,
1863 2562 2027 2615 quum
2058 2547 2283 2598 alterum
2312 2545 2379 2597 sit
2406 2543 2462 2595 in

1444 2622 1605 2675 Salm.
1628 2634 1679 2675 et
1701 2622 1849 2675 Leid.
1874 2642 1997 2676 nam
2028 2623 2298 2697 jungenda
2342 2631 2465 2677 sunt

1439 2726 1464 2747 «ι
1493 2702 1737 2754 velamus
1764 2722 1881 2756 aras
1908 2703 2099 2756 fronde
2138 2718 2189 2757 et
2215 2703 2352 2757 votis
2378 2702 2461 2754 in·

1439 2780 1770 2845 condimus»,
1796 2794 1857 2833 ut
1879 2786 2082 2835 delubra
2078 2788 2271 2851 fronde
2286 2786 2462 2834 velam

1438 2860 1495 2911 in
1518 2860 1637 2913 loco
1658 2862 1898 2933 Virgilii,
1920 2865 2038 2915 AEn.
2061 2863 2137 2925 11,
2158 2870 2287 2931 ²49·
2318 2860 2460 2913 unde

1438 2938 1556 2993 haec
1572 2938 1853 3012 desumpta
1872 2952 1995 2993 sunt
2021 2959 2035 2992 :
2063 2966 2089 2985 e·
2110 2942 2217 2993 Nos
2235 2938 2463 2992 delubra

1443 3019 1615 3071 Deum
1642 3018 1854 3085 miseri,
1876 3020 2071 3090 quibus
2099 3020 2315 3071 ultimus
2332 3032 2465 3073 esset

1443 3098 1549 3150 Ille
1573 3097 1717 3162 dies,
1742 3100 1877 3152 festa
1904 3100 2137 3153 velamus
2162 3098 2349 3153 fronde
2366 3118 2463 3172 per

1441 3177 1629 3229 urbem
1656 3204 1703 3232 a.

1521 3274 1635 3324 109.
1654 3262 1758 3309 Heu
1781 3262 1937 3310 corda
1957 3261 2109 3310 oblita
2135 3273 2323 3311 tuomm
2344 3280 2364 3311 .·
2390 3260 2460 3314 ita

1443 3332 1611 3387 edidit
1645 3336 1937 3391 Scriverius
1960 3375 1977 3400 ,
2014 3356 2187 3409 neque
2226 3340 2381 3392 aliter
2407 3340 2462 3393 in

1440 3413 1603 3465 Salm.
1629 3426 1682 3466 et
1703 3415 1856 3468 Leid.
1882 3415 2002 3470 cod.
2020 3415 2141 3469 licet
2155 3417 2209 3469 in
2227 3418 2465 3491 Virgilio,

1440 3492 1651 3545 duobus
1670 3494 1800 3548 locis
1817 3494 2065 3560 diversis,
2084 3497 2202 3547 AEn.
2230 3497 2323 3551 lib.
2342 3498 2421 3551 Iv
2440 3536 2459 3561 ‚

1443 3572 1568 3633 528,
1604 3583 1658 3624 et
1681 3572 1779 3626 lib.
1810 3574 1912 3639 lx,
1945 3580 2073 3640 ²²4,
2100 3573 2302 3646 legatur
2326 3596 2340 3629 ε
2363 3601 2387 3623 ι
2408 3588 2461 3629 et

1438 3649 1603 3703 corda
1632 3651 1794 3705 oblita
1820 3654 2065 3706 laborum
2084 3679 2123 3706 ι.

1512 3748 1533 3782 1
1547 3748 1625 3782 10.
1644 3738 1823 3783 Vatum
1840 3734 2086 3801 praedicta
2098 3737 2335 3802 priorum.
2350 3734 2393 3787 F
2394 3734 2461 3787 ir-

1433 3821 1582 3863 mant
1624 3810 1833 3867 scheda
1871 3812 2001 3867 MSS
2036 3824 2145 3865 tam
2190 3813 2293 3867 hoc
2337 3813 2457 3867 loco

1433 3908 1595 3961 quam
1634 3912 1793 3964 supra
1838 3912 1889 3945 v.
1935 3892 2003 3944 88
2044 3913 2058 3945 ε
2104 3892 2371 3962 vulgatam
2400 3893 2457 3945 in

1439 3969 1668 4043 virgilio
1688 3973 1970 4026 lectionem
1987 3970 2080 4023 lib.
2104 3970 2201 4030 IV,
2232 3972 2351 4035 464,
2368 3971 2459 4022 ubi

322 4054 401 4094 ter
421 4046 572 4094 ramis
599 4044 853 4101 hahetur:
876 4046 951 4099 sic
974 4068 1028 4101 v,
1053 4050 1176 4111 128,
1199 4054 1352 4101 velati
1429 4054 1623 4118 piorum
1652 4073 1711 4106 ex
1738 4052 2011 4105 nonnullis
2028 4049 2299 4103 codicibus
2324 4068 2458 4121 pre-

317 4134 536 4189 tempora
565 4128 714 4175 ramis
737 4163 751 4189 ‚
799 4138 850 4179 et
888 4126 1030 4197 apud
1057 4127 1202 4200 Virg.
1225 4130 1346 4183 AEn.

1442 4129 1618 4186 ferunt
1643 4134 1843 4188 Pierius
1875 4145 1927 4185 et
1954 4129 2232 4194 Heinsius,
2264 4141 2315 4181 et
2348 4149 2463 4185 me-
