2964 4690
863 364 996 432 AD
1044 367 1374 434 EPIGR.
1419 368 1551 434 DE
1600 367 1913 435 Rosls.
2359 391 2437 436 αι

331 489 494 577 gilii,
527 513 588 576 p.
619 511 704 552 m.
736 513 900 576 790,
933 509 998 556 et
1038 494 1391 558 politianus
1427 497 1495 557 in
1540 494 1887 559 Miscellan.
1923 516 2057 584 cap.
2092 519 2190 559 ιι.
2218 496 2445 560 Eidem

331 594 592 656 Bar-thio
631 595 698 657 in
737 598 906 658 notis
942 597 1024 661 ad
1061 599 1308 662 Paulin.
1347 599 1596 663 Petroc.
1632 599 1743 663 lib.
1789 601 1901 680 IV,
1948 599 2107 678 563,
2144 600 2447 689 Idyllium

332 701 460 764 hoc
487 700 772 781 ejusdem
799 725 976 767 venae
1007 721 1074 769 et
1108 706 1350 795 ingenii
1370 705 1647 787 videtur,
1674 729 1749 770 ac
1783 707 1999 796 Elegia
2032 706 2113 771 de
2144 707 2450 773 Phoenice

333 808 664 871 Lactantio
693 808 972 890 tributa,
1022 827 1088 875 et
1123 811 1464 898 utriusque
1498 811 1670 876 fetus
1704 829 2037 900 parentem
2073 835 2210 877 esse
2238 816 2449 878 Auso-

333 911 518 974 nium
544 911 854 978 adfirmat.
877 914 1004 980 Sed
1032 918 1354 981 incertum
1385 933 1716 982 auctorem
1749 933 2143 1000 statuamus,
2168 935 2449 1006 praestat,

331 1035 411 1082 ut
431 1019 564 1098 jam
593 1020 747 1084 olim
771 1020 962 1086 Pierii
988 1023 1306 1087 Valeriani
1337 1025 1653 1088 sententia
1685 1024 1812 1088 fuit
1846 1026 1915 1087 in
1953 1025 2124 1090 notis
2161 1025 2241 1089 ad
2274 1026 2451 1115 Virg.

333 1123 566 1212 Georg.
613 1125 722 1189 lib.
758 1127 820 1208 1,
858 1129 1020 1192 208:
1049 1159 1074 1184 «ι
1098 1132 1345 1193 Auctor
1381 1132 1594 1212 Rosae,
1620 1131 1866 1218 inquit,
1896 1154 2039 1218 quae
2066 1133 2319 1196 Maroni
2348 1131 2455 1195 ad-

333 1229 660 1311 scribitur,
688 1253 834 1319 quae
851 1282 870 1314 ‚
901 1234 1370 1323 cujuscumque
1413 1235 1607 1300 fuerit
1626 1285 1645 1318 ,
1672 1251 1738 1300 et
1768 1235 1958 1300 docte
1995 1252 2061 1300 et
2094 1237 2455 1301 luculenter

332 1334 566 1422 scripta
609 1351 770 1401 est».
813 1340 1010 1404 Recte
1053 1340 1250 1428 igitur
1291 1363 1505 1428 neque
1536 1341 1785 1428 Virgilii
1826 1364 1947 1405 nec
1988 1342 2299 1423 Ausonii,
2340 1341 2455 1406 sed

335 1440 572 1504 Incerti
599 1441 862 1506 titulum
899 1445 1295 1534 inscripsisse
1329 1468 1434 1510 me
1465 1447 1701 1534 opinor
1736 1446 1891 1510 huic
1924 1447 2188 1536 Elegiae,
2222 1449 2291 1510 in
2326 1471 2453 1535 qua

336 1543 614 1628 edenda,
647 1550 864 1636 paucis
893 1553 1172 1640 exceptis
1190 1601 1209 1633 ‚
1243 1568 1559 1640 sequutus
1600 1575 1747 1615 sum
1786 1553 1858 1616 P.
1894 1553 2280 1618 Scriverium
2298 1601 2317 1634 ‚
2339 1555 2453 1641 qui

333 1650 580 1737 aliquot
595 1652 752 1719 locis
771 1655 1138 1746 castigatam
1158 1672 1224 1721 et
1240 1657 1691 1745 interpolatam
1716 1657 2009 1722 exhibuit
2030 1659 2097 1722 in
2116 1657 2454 1721 Animadv.

334 1756 416 1821 ad
452 1756 698 1849 Pervig.
738 1760 968 1824 Vener.
1005 1777 1153 1848 post
1189 1765 1458 1826 Amores
1512 1760 1770 1843 Baudii,
1809 1784 1956 1850 pag.
1995 1762 2125 1840 446
2172 1777 2237 1825 et
2278 1785 2455 1849 seqq.

335 1867 644 1931 Encomia
690 1868 876 1930 Rosae
919 1867 1095 1955 apud
1137 1885 1358 1956 poetas
1399 1869 1717 1956 plurimos
1767 1869 1975 1933 obvia.
2016 1868 2181 1933 Vide
2225 1885 2455 1956 praeter

334 1971 629 2052 Politian.
665 1988 731 2035 et
760 1973 975 2037 Barth.
1012 1971 1121 2037 dd.
1157 1973 1221 2038 ll.
1259 1973 1516 2038 Gevart.
1551 1975 1722 2038 Lect.
1762 1972 1983 2061 Papin.
2016 1972 2125 2038 lib.
2163 1975 2258 2053 ΙΙ,
2292 1998 2345 2037 c.
2375 1975 2451 2050 8;

335 2078 566 2142 Weitz.
615 2077 698 2142 ad
742 2078 989 2167 Pervig.
1019 2079 1181 2144 Ven.
1228 2101 1293 2168 p.
1333 2079 1480 2166 287,
1519 2095 1585 2143 et
1620 2102 1785 2167 quos
1824 2078 2041 2144 laudat
2076 2080 2333 2143 Barnes.
2372 2079 2453 2142 ad

337 2187 722 2248 Anacreont.
756 2182 879 2247 od.
905 2185 1024 2247 V».
1057 2185 1211 2247 Haec
1237 2185 1589 2248 Burmann.
1618 2185 1757 2272 Ego
1789 2185 1858 2247 in
1894 2184 2292 2249 recensendo
2328 2185 2455 2249 hoc

335 2305 628 2379 poemate
672 2305 900 2377 praeter
945 2290 1333 2371 Burmanni,
1373 2289 1761 2355 Scriverium
1817 2289 2075 2377 sequuti
2092 2339 2111 2372 ‚
2165 2305 2411 2354 textum
2434 2339 2451 2371 ,

337 2394 522 2458 Tollii
546 2391 897 2457 editionem
920 2395 1319 2481 comparavi,
1345 2416 1561 2482 neque
1584 2393 1801 2457 minus
1822 2394 2205 2458 variantium
2234 2396 2455 2459 lectio-

337 2522 494 2565 num
509 2548 528 2581 ,
551 2523 586 2565 e
603 2498 934 2564 codicibus
959 2500 1188 2587 Msptis
1214 2522 1250 2564 a
1273 2502 1647 2565 Burmanno
1668 2500 2118 2583 adductarum,
2134 2502 2453 2565 rationem

337 2605 552 2671 habui.

421 2712 692 2775 Ausonii
726 2712 952 2791 majori
984 2715 1251 2777 carmini
1287 2713 1370 2778 de
1401 2714 1587 2777 Rosis
1620 2715 1911 2800 quinque
1940 2714 2416 2800 Epigrammata
2436 2762 2453 2791 ‚

337 2839 478 2904 quae
508 2818 744 2905 pariter
774 2816 856 2881 de
889 2819 1052 2881 rosis
1086 2818 1535 2897 nascentibus,
1562 2835 1675 2880 aut
1706 2817 1789 2879 de
1822 2839 2043 2879 earum
2076 2839 2363 2904 purpura
2392 2834 2457 2879 et

337 2923 816 3011 pulchritudine
845 2939 1076 3012 agunt,
1104 2924 1380 3003 subjeci,
1404 2924 1621 2987 omnia
1641 2945 1679 2985 e
1694 2923 2047 2985 Burmanni
2064 2921 2451 3009 Anthologia

337 3030 626 3117 repetita.
660 3030 904 3093 Eorum
939 3030 1242 3118 pleraque
1273 3029 1527 3093 nullum
1560 3044 1892 3092 auctorem
1920 3027 2318 3115 adscriptum
2347 3027 2455 3091 ha-

335 3134 495 3199 bent
536 3136 602 3198 in
656 3134 866 3216 libris,
907 3134 1083 3199 unde
1130 3151 1386 3223 sumpta
1433 3150 1624 3215 sunt,
1666 3156 1873 3199 unum
1924 3150 2207 3215 tantum,
2260 3132 2454 3220 idque

337 3257 662 3327 quartum,
685 3240 894 3304 From
919 3263 1158 3304 nomen
1183 3240 1472 3329 proefert,
1494 3241 1605 3330 qui
1631 3240 1791 3304 mihi
1814 3239 1985 3303 idem
2004 3238 2259 3302 videtur
2280 3262 2416 3305 esse
2435 3288 2451 3321 ‚

337 3345 517 3425 cujus
553 3345 1026 3435 Epigrammata
1045 3395 1062 3427 ,
1091 3347 1380 3410 versibus
1411 3346 1752 3410 trochaicis
1786 3345 2034 3408 inclusa
2052 3392 2069 3426 ‚
2108 3344 2449 3433 Pervigilio

336 3450 602 3514 Veneris
629 3451 972 3531 subjuncta
999 3452 1066 3514 in
1092 3452 1268 3515 libris
1294 3449 1619 3515 veteribus
1645 3450 2077 3538 reperiuntur,
2102 3466 2167 3513 et
2196 3473 2231 3513 a
2266 3450 2452 3513 nobis

339 3556 646 3620 recensita
677 3572 833 3619 sunt
863 3556 1098 3644 (hujus
1131 3558 1342 3645 operis
1369 3572 1528 3619 tom.
1556 3556 1651 3636 ΙΙ,
1688 3561 1829 3643 pag.
1852 3554 1974 3641 537
2005 3571 2070 3619 et
2100 3577 2277 3642 seqq.
2302 3556 2451 3641 En.)

336 3660 563 3750 Neque
607 3682 711 3723 me
762 3662 926 3725 ratio
975 3661 1180 3742 fallet,
1221 3662 1452 3742 credo,
1494 3661 1545 3724 si
1594 3676 1895 3735 statuam„
1948 3660 2255 3724 eumdem
2308 3660 2456 3723 Flo-

333 3788 479 3829 rum
551 3766 872 3857 Pervigilii
929 3768 1197 3832 Veneris
1261 3784 1326 3831 et
1387 3768 1661 3831 istorum
1714 3767 2073 3830 carminum
2130 3764 2211 3829 de
2269 3766 2453 3830 Rosis

335 3888 663 3937 auctorem
692 3895 830 3937 esse
847 3922 864 3956 ‚
889 3873 1132 3961 quippe
1160 3874 1274 3961 qni
1293 3922 1312 3953 ,
1341 3894 1548 3960 quum
1581 3874 1649 3935 in
1681 3870 2019 3960 Pervigilio
2049 3869 2130 3934 de
2157 3892 2449 3933 rosarum

337 3978 738 4041 incremento
771 3993 834 4041 et
860 3976 1342 4065 pulchritudine
1375 3994 1506 4040 tam
1549 3978 1749 4040 multa
1774 3978 1967 4039 verba
1995 3975 2283 4053 fecisset,
2314 3997 2449 4036 eas-

335 4082 483 4147 dem
519 4082 952 4171 singularibus
983 4083 1373 4147 carminibus
1405 4082 1724 4146 celebrare
1761 4080 2115 4168 satagebat,
2146 4079 2450 4143 invitatus
