2964 4690
554 398 693 485 342
892 402 1027 469 DE
1085 402 1568 469 SYMPOSII
1617 401 2334 472 AENIGMATIBUS

542 531 763 595 scribit
790 536 1151 619 oem'gmata.
1193 530 1442 596 Scilicet
1482 552 1562 594 ex
1595 531 1756 617 stylo
1799 532 2052 597 metrico
2093 532 2334 596 factum
2370 552 2510 598 esse
2539 534 2672 599 hilo

550 638 772 701 mz‘tucs.
806 634 933 700 sed
968 658 1043 699 ea
1077 634 1528 700 emendatione
1571 636 1838 706 minime
1878 658 2080 725 opus,
2128 653 2196 701 et
2231 636 2434 701 nihilo
2471 642 2672 703 minus

546 742 833 829 positum
872 757 971 806 est
1007 764 1129 829 pro
1146 742 1417 829 pariter,
1454 764 1630 830 oeque
1642 790 1663 823 ,
1699 744 1892 807 etiam
1911 790 1931 823 ‚
1961 744 2286 831 refertque
2313 766 2384 809 se
2409 743 2494 808 ad
2514 766 2672 832 prae-

550 844 787 911 cedens
810 862 1004 937 caput
1020 894 1038 929 ,
1072 868 1206 939 quo
1230 862 1459 911 auctor
1490 847 1741 931 scribit,
1769 847 2149 916 Achelinum
2169 847 2672 937 (Aldhelmum)

548 952 931 1040 Episcopum
970 950 1276 1017 nonnulla
1311 951 1570 1017 edidisse
1603 956 1834 1043 scripta
1849 1003 1868 1035 ,
1905 976 2051 1043 quoe
2083 952 2498 1043 adpellantur
2517 958 2674 1021 oeni·

542 1069 789 1146 gmata.
1995 1080 2002 1091 ·

550 1258 663 1323 IV.
698 1257 1051 1323 AUCTOR
1081 1256 1311 1321 fabulae
1333 1257 1590 1320 eroticoe
1605 1302 1625 1338 ,
1658 1256 1790 1320 sive
1821 1254 2234 1321 Narrationis
2261 1276 2508 1335 eorum,
2533 1276 2679 1342 quoe

638 1361 981 1451 Apollonio
1042 1365 1182 1450 regi
1223 1365 1612 1451 contigerunt
1621 1408 1644 1441 ,
1691 1384 1888 1449 quam
1937 1382 1973 1425 e
2025 1358 2249 1424 Graeco
2292 1381 2540 1423 versam
2597 1360 2677 1423 ab

639 1466 909 1533 homine
940 1467 1307 1532 Christiano
1336 1481 1488 1531 ante
1515 1466 1689 1530 misse
1713 1487 1920 1530 annos
1946 1479 2134 1553 putat
2154 1462 2488 1529 Fabricius
2517 1464 2678 1529 Bibl.

646 1572 759 1638 Gr.
784 1572 894 1637 lib.
920 1574 999 1653 V,
1034 1597 1174 1662 cap.
1199 1574 1243 1637 6
1259 1622 1277 1655 ,
1300 1574 1427 1638 vol.
1456 1572 1572 1654 VI,
1605 1594 1749 1662 pag.
1783 1570 1907 1637 805
1927 1618 1946 1653 ,
1971 1592 2244 1661 quaeque
2267 1571 2442 1635 inter
2467 1570 2684 1659 Opera

640 1678 844 1742 Marci
874 1676 1121 1742 Velseri
1151 1702 1187 1742 a
1220 1677 1594 1767 Christoph.
1629 1676 1922 1769 arnoldo
1961 1674 2130 1740 edita
2161 1692 2257 1739 est
2287 1676 2452 1765 Aug.
2487 1675 2682 1741 vind.

652 1783 839 1849 1682.
861 1786 924 1848 Is
957 1800 1185 1849 auctor
1214 1806 1358 1875 pag.
1392 1784 1522 1871 699
1557 1801 1622 1848 et
1653 1806 1782 1871 7⁰⁰
1802 1784 1971 1871 Opp.
2007 1780 2178 1847 Vels.
2213 1783 2336 1845 tria
2355 1782 2684 1871 Symposii

646 1888 1018 1979 aenigmata,
1066 1890 1258 1953 tacito
1311 1906 1527 1954 tamen
1571 1888 1707 1968 ejus
1752 1889 2019 1955 nomine
2041 1936 2058 1971 ,
2105 1888 2406 1965 exhibet,
2451 1909 2687 1975 nempe

645 1994 1009 2081 deflumine
1037 2009 1100 2059 et
1115 1998 1324 2085 pisce,
1358 1996 1437 2058 de
1472 1996 1627 2057 navi
1654 2008 1718 2058 et
1745 1995 1824 2057 de
1855 1994 2113 2073 balnea,
2164 2015 2308 2083 quae
2346 1994 2686 2082 aenigmata

644 2100 865 2164 Tarsia
899 2100 1082 2191 virgo
1121 2098 1465 2187 Apollonio
1493 2096 1905 2190 experiundae
1941 2098 2079 2179 ejus
2111 2098 2435 2187 sapientiae
2467 2120 2690 2163 mussa

647 2204 953 2270 solvenda
986 2204 1310 2293 proponit.

732 2312 868 2375 Hac
920 2311 1329 2401 aenigmatum
1385 2311 1703 2400 Symposii
1750 2310 2053 2375 citatione
2103 2306 2411 2374 inductus
2461 2324 2691 2398 praeter

644 2419 1006 2482 Meursium
1022 2421 1212 2506 Casp.
1244 2419 1565 2501 BartliiuS‚
1588 2419 1858 2486 AdverS.
1886 2417 2115 2500 LVIII,
2147 2441 2285 2506 cap.
2321 2441 2348 2482 1
2368 2465 2387 2498 ‚
2417 2416 2691 2486 credidit

650 2523 1065 2611 symposium
1087 2539 1349 2611 poetam
1379 2524 1730 2588 Historiam
1758 2523 1930 2587 illam
1955 2524 2258 2588 eroticam
2287 2523 2354 2586 in
2385 2523 2688 2586 Latinum

644 2651 1010 2694 sermonem
1038 2628 1412 2693 traduxisse.
1444 2628 1573 2692 Sed
1596 2629 1787 2692 falsos
1811 2651 1922 2691 eos
1946 2629 2144 2692 fuisse
2171 2645 2345 2692 recte
2369 2629 2691 2695 existimat

651 2736 1077 2799 Heumannus
1110 2735 1179 2798 in
1216 2735 1399 2798 Praef.
1440 2733 1524 2798 ad
1557 2733 1778 2822 Symp.
1811 2734 1980 2798 lact.
2017 2739 2052 2814 S
2083 2735 2275 2815 VIII,
2321 2735 2434 2824 qui
2473 2750 2687 2800 tamen

650 2843 786 2928 ipse
820 2842 1013 2906 falsus
1048 2856 1145 2905 est
1164 2889 1183 2920 ,
1216 2863 1421 2928 quum
1454 2855 1786 2912 auctorem
1819 2838 2004 2903 illum
2037 2838 2336 2902 Historiae
2368 2839 2690 2927 Apollonii

651 2947 1016 3010 Groeculum
1054 2967 1227 3028 esse,
1265 2959 1329 3010 et
1373 2945 1496 3008 tria
1543 2942 1868 3032 Symposii
1910 2943 2246 3032 aenigmata
2288 2945 2358 3006 in
2395 2943 2694 3010 Graecum

652 3052 954 3116 translata
976 3074 1341 3117 sermonem
1370 3051 1738 3115 exhibuisse
1757 3067 1962 3140 putat.
1983 3051 2152 3114 Nam
2170 3050 2470 3116 Graecum
2493 3052 2692 3139 ipsius

654 3157 932 3221 auctoris
979 3157 1265 3246 libellum
1287 3206 1305 3240 ,
1353 3173 1603 3220 certum
1645 3171 1779 3238 est,
1827 3178 1961 3219 non
2005 3171 2284 3237 exstare3
2329 3171 2528 3244 atque
2571 3180 2692 3247 ego

652 3262 869 3350 potius
901 3262 1123 3326 Latine
1156 3263 1465 3352 scriptum
1500 3261 1579 3324 ab
1613 3277 1909 3343 auctore,
1947 3261 2038 3325 uti
2081 3284 2258 3326 nunc
2289 3277 2530 3344 exstat,
2557 3285 2690 3328 non

655 3389 691 3430 e
738 3366 963 3431 Graeco
1012 3389 1264 3431 versum
1290 3416 1307 3448 ,
1336 3365 1734 3431 crediderim
1759 3414 1776 3448 ‚
1828 3365 2004 3429 unde
2053 3383 2120 3430 et
2169 3367 2464 3430 Barthius
2485 3416 2504 3450 ,
2549 3391 2694 3456 quae

656 3473 793 3551 ejus
839 3495 989 3536 vera
1028 3473 1346 3538 sententia
1376 3487 1473 3536 est
1491 3519 1508 3552 ‚
1549 3472 1960 3560 Symposium
1999 3470 2406 3536 conditorem
2443 3471 2580 3552 ejus
2614 3475 2692 3538 li-

656 3577 805 3642 belli
850 3579 1153 3667 opinatus
1194 3593 1308 3642 est.
1356 3577 1484 3643 Sed
1531 3599 1680 3642 eum
1719 3578 2036 3641 recentius
2055 3626 2072 3658 ‚
2109 3579 2392 3643 carmine
2425 3579 2692 3667 politico

662 3683 1181 3748 Graeco-barbaro
1214 3706 1598 3749 conversum
1619 3731 1636 3766 ‚
1667 3683 1949 3748 Venetiis
1989 3707 2046 3748 a.
2087 3683 2283 3770 1696,
2310 3684 2483 3767 in-8,
2519 3683 2694 3774 apud

658 3789 999 3853 Nicolaum
1051 3791 1313 3878 Glycem
1370 3789 1683 3877 prodiisse
1735 3789 1928 3853 tradit
1975 3791 2306 3854 Fabricius
2359 3791 2523 3856 Bibl.
2575 3793 2686 3858 Gr.

653 3893 779 3958 vol.
800 3895 889 3958 Vl
910 3943 928 3974 ,
966 3917 1109 3984 pag.
1144 3895 1292 3960 805.
1354 3895 1550 3960 Aliud
1601 3897 1929 3982 exemplar
1987 3897 2382 3986 rarissimum
2435 3897 2692 3961 Graeco·

658 3998 925 4064 barbara
968 4001 1183 4091 [iugua
1232 4018 1559 4066 exaratum
1581 4049 1598 4081 ‚
1633 4000 1715 4066 ad
1757 4002 2025 4072 modum
2068 4002 2526 4090 rhythmorum
2565 4023 2688 4066 no·

662 4121 942 4169 stt-orum
968 4157 983 4188 ,
1038 4107 1279 4170 editum
1336 4108 1622 4204 Venetiis
1673 4131 1775 4170 an.
1837 4107 2032 4186 1563,
2091 4110 2154 4171 in
2175 4113 2295 4186 -4,
2353 4109 2473 4172 fuit
2521 4105 2686 4196 apud
