2964 4690
547 359 675 444 164
1291 363 1914 432 EDITIONES·

533 490 872 556 parisiensi
909 488 1061 554 edit.
1101 489 1184 554 de
1215 511 1342 578 qua
1385 514 1537 555 mox
1574 489 1863 556 dicemus
1882 537 1901 572 ‚
1944 491 2281 578 reperitur.
2324 490 2409 554 Et
2434 489 2655 577 primm

531 597 766 684 Elegiae
797 593 1130 683 inscriptio
1151 613 1250 659 est
1273 619 1290 660 ε
1317 626 1342 651 κ
1367 596 1776 676 Maximiani,
1806 611 2011 684 poetae
2036 595 2340 674 illustris5
2367 617 2654 683 opuscu-

530 703 666 764 lum
696 700 778 764 de
800 699 936 779 ejus
961 701 1086 763 vita
1106 717 1170 764 et
1195 717 1565 778 senectute»
1586 725 1603 766 z
1626 699 1971 765 Secundae:
1991 699 2654 788 «Maximianiffloetae

530 807 819 888 illustris,
845 805 925 870 de
944 806 1173 894 Lycori
1197 808 1334 888 ejus
1356 807 1559 872 amioe
1574 857 1591 890 ,
1619 829 1763 895 quoe
1790 808 2001 895 ipsum
2021 805 2388 870 deseruerat
2402 853 2420 886 ,
2443 828 2652 893 quum
2700 823 2705 826 ·

531 927 698 974 esset
725 933 919 974 senex
943 941 969 966 n
994 933 1009 974 ε
1036 911 1266 974 Tertiae
1298 911 1475 976 haec:
1509 943 1535 968 a
1558 911 1967 993 Maximiani,
2007 927 2213 999 poetae
2240 910 2532 991 illustris,
2570 909 2655 974 de

529 1015 805 1103 qtiadam
838 1014 1048 1102 puella
1079 1014 1330 1097 Graeca,
1365 1016 1549 1096 cujus
1584 1038 1803 1080 amore
1830 1032 2055 1104 captus
2082 1016 2205 1078 fuit
2224 1064 2242 1097 ,
2276 1031 2341 1080 et
2373 1014 2454 1079 de
2482 1038 2651 1080 non·

530 1119 721 1183 nullis
760 1119 897 1183 aliis
947 1119 1038 1206 (1)
1067 1151 1134 1183 n..
1166 1120 1396 1208 Operae
1443 1120 1725 1209 pretium
1771 1137 1868 1185 est
1912 1120 2041 1184 hoc
2080 1121 2225 1186 loco
2262 1121 2651 1185 mutationes

529 1225 780 1290 crebras
817 1246 967 1288 cum
1001 1225 1368 1289 Maximiani
1405 1226 1729 1315 impressis
1762 1226 2232 1314 exemplaribus
2257 1228 2451 1290 factas
2471 1273 2491 1308 ,
2518 1226 2652 1290 sive

529 1331 756 1394 classes
798 1330 1162 1395 editionum
1209 1330 1489 1396 diversas
1526 1355 1840 1396 enarrare.
1885 1333 2115 1396 Primae
2156 1349 2221 1396 et
2262 1331 2653 1420 incorruptae

529 1437 843 1501 editiones
879 1451 1026 1501 ante
1069 1436 1420 1502 Gauricum
1471 1438 1651 1503 sactae
1694 1455 1850 1502 sunt
1895 1460 2135 1525 paucae.
2186 1437 2468 1502 Primam
2510 1461 2654 1502 om-

528 1540 708 1604 nium
729 1589 747 1622 ,
779 1557 927 1629 post
967 1541 1344 1607 Goldastum
1381 1543 1448 1606 in
1482 1541 1734 1607 Praefat.
1772 1541 1853 1606 ad
1881 1541 2072 1607 Ovid.
2108 1533 2424 1606 Gatal'ecta
2444 1590 2464 1624 ,
2496 1544 2655 1608 Ber-

529 1645 766 1709 nardus
803 1647 1068 1711 Moneta
1099 1648 1164 1711 in
1199 1649 1627 1738 Menagianis‚
1660 1665 1821 1714 tom.
1863 1649 1927 1730 1,
1962 1671 2028 1736 p.
2067 1645 2227 1734 339,
2264 1669 2401 1711 esse
2431 1663 2653 1711 censet
2744 1675 2761 1682 =

527 1752 946 1818 Parisiensem
970 1801 989 1834 ,
1033 1755 1219 1834 cujus
1253 1757 1622 1843 exemplum
1640 1803 1647 1808 ·
1666 1756 1735 1820 in
1786 1755 2175 1820 bibliotheca
2220 1755 2655 1820 Mazariniaua

528 1859 802 1938 exstitit,
846 1858 1138 1923 Gothicis
1181 1860 1381 1924 literis
1421 1861 1807 1949 impressum
1826 1909 1845 1942 ,
1885 1863 2035 1938 inni
2055 1908 2074 1942 ,
2110 1876 2175 1924 et
2210 1844 2393 1939 cnjus
2428 1860 2651 1924 inscri-

525 1964 816 2051 ptionem
867 1961 1322 2052 lepidissimam
1378 1964 1643 2054 dignam
1694 1963 2036 2046 judicavit,
2088 1987 2282 2053 quam
2332 1966 2651 2055 integram

527 2083 972 2157 opponeret:-
986 2068 1464 2152 Penjttcundus,
1491 2072 1807 2151 juvenum
1842 2093 2105 2159 quoque
2137 2071 2374 2134 mirum
2407 2071 2475 2134 in
2506 2093 2653 2134 mo-

527 2172 686 2237 dum
706 2173 1080 2238 demulcens
1101 2175 1352 2238 animos
1368 2222 1388 2256 ,
1409 2175 1682 2258 libellus»,
1709 2198 1905 2264 quem
1929 2197 2249 2264 nugarum
2272 2175 2649 2240 Maximiani

525 2280 792 2344 immitis
848 2279 1204 2344 Alexander
1257 2281 1544 2345 intitulat
1566 2329 1585 2365 ,
1640 2283 1987 2372 impressus
2052 2281 2348 2347 Parrhisii
2373 2329 2391 2363 ,
2449 2302 2652 2369 opera

527 2384 1054 2474 exactissimaq'ue
1107 2385 1434 2475 diligentia
1492 2387 1801 2477 Stephani
1852 2388 2171 2453 Jelzannot
2192 2436 2212 2470 ,
2254 2404 2321 2453 et
2370 2387 2543 2452 Petri
2588 2387 2653 2451 Ie

527 2492 746 2573 Drou,
795 2492 1047 2557 Artium
1090 2493 1542 2583 magistrorum
1582 2510 1644 2557 et
1690 2494 2325 2584 vigilantissimorum
2369 2494 2646 2581 impres-

525 2618 769 2660 sorum.
809 2596 1003 2660 Hunc
1043 2598 1096 2660 si
1140 2620 1337 2686 parvo
1381 2598 1837 2662 nummismate
1879 2620 2251 2687 comparare
2294 2598 2505 2687 cupis,
2540 2620 2653 2662 ve-

526 2702 735 2767 nalem
767 2700 837 2763 in
877 2702 1019 2765 vico
1050 2702 1252 2765 sancti
1293 2701 1514 2766 Jacobi
1548 2702 1827 2789 reperies
1854 2702 1921 2765 in
1957 2701 2156 2767 domo
2188 2702 2465 2789 quadam
2494 2718 2651 2767 ante

524 2806 932 2870 Mathurinos
963 2806 1116 2890 sita,
1143 2807 1324 2886 juxta
1361 2805 1739 2871 Carnificem
1770 2806 2132 2872 sanissimas
2150 2854 2168 2889 ‚
2200 2807 2487 2871 humano
2520 2830 2651 2895 pro

521 2932 828 2999 corpore,
869 2932 1091 2975 carnes
1131 2910 1519 2975 vendentem
1542 2943 1585 2976 ι».
1628 2912 2026 2976 Fontaninus
2066 2911 2106 2977 1.
2152 2936 2208 2977 c.
2252 2936 2395 3002 pag.
2440 2918 2525 2998 49
2560 2912 2650 2977 de

525 3016 647 3080 hac
685 3014 967 3081 editione
1005 3012 1280 3099 judioet,
1323 3015 1543 3081 deesse
1585 3015 1849 3104 quidem
1893 3039 2138 3080 annum
2167 3018 2603 3105 impressionis
2624 3066 2649 3101 ,

524 3120 639 3184 scd
682 3121 1112 3187 characterem
1147 3121 1434 3210 aliosque
1468 3124 1669 3188 libros
1707 3124 1787 3188 ab
1822 3122 2050 3188 iisdem
2085 3123 2499 3213 typographis
2534 3146 2649 3189 an.

533 3227 699 3311 1496
743 3242 808 3291 et
852 3230 1016 3314 1497
1063 3228 1408 3316 impressos
1429 3277 1446 3310 ,
1492 3229 1785 3294 evincere
1830 3231 2060 3294 factam
2118 3250 2257 3294 esse
2308 3230 2476 3293 circa
2531 3252 2645 3295 an.

535 3332 719 3398 1500.
763 3334 860 3397 Ex
907 3334 1028 3399 bac
1077 3336 1391 3400 sententia
1441 3337 1787 3402 Fontanini
1838 3337 2208 3402 Parisiensis
2257 3338 2394 3400 haec
2440 3335 2650 3402 editio

527 3437 790 3503 minime
816 3440 1020 3527 prima
1053 3442 1347 3507 omnium
1375 3440 1669 3505 habenda
1702 3442 1978 3525 videtur,
2010 3441 2125 3507 sed
2151 3442 2471 3507 recentior
2502 3464 2649 3508 esse

526 3566 598 3608 ea
617 3592 636 3625 ,
669 3566 814 3631 quae
849 3546 914 3607 in
947 3544 1169 3610 codice
1202 3546 1422 3634 aliquo
1457 3548 1865 3613 Bibliothecae
1892 3546 2649 3614 Academicaelielmsta-

527 3648 763 3713 diensis
802 3650 1096 3737 pluribus
1130 3652 1308 3716 libris
1353 3653 1635 3741 antiquis
1666 3655 1897 3718 innexa
1937 3670 2174 3735 exstat,
2212 3669 2277 3717 et
2312 3654 2451 3717 sine
2484 3656 2649 3718 anni

526 3754 779 3842 locique
802 3756 1132 3819 notatione
1156 3756 1418 3845 quidem
1435 3804 1454 3839 ,
1484 3758 1597 3823 sed
1618 3775 1827 3822 tamen
1848 3806 1865 3839 ,
1890 3775 1965 3822 ut
1984 3780 2063 3821 ex
2084 3759 2260 3822 libris
2278 3758 2648 3839 conjunctis

525 3860 822 3949 colligere
857 3860 1041 3941 licet,
1080 3862 1246 3925 intra
1288 3885 1494 3927 annos
1544 3868 1707 3949 1470
1744 3880 1807 3927 et
1858 3864 2054 3945 1480,
2094 3880 2161 3927 et
2192 3864 2258 3927 in
2292 3863 2649 3929 Germania

595 4080 672 4148 (ι)
706 4076 885 4131 Refert
907 4076 1022 4132 hnc
1049 4076 1374 4132 Fontaninus
1389 4120 1405 4148 ,
1443 4080 1579 4135 nist.
1606 4079 1684 4136 lit.
1712 4078 1883 4153 Aquil.
1904 4079 1995 4136 lib.
2018 4080 2071 4147 1,
2094 4096 2213 4153 cap.
2234 4078 2288 4147 3,
2308 4094 2360 4151 p.
2377 4084 2461 4147 49.
