2964 4690
501 271 630 342 152
828 274 1082 340 VITA
1133 275 1260 339 ET
1313 273 1581 340 ACTA
1634 272 2269 340 MAXIMIANI.

469 404 773 490 juventus
809 401 1108 464 abluebat
1137 404 1204 464 in
1242 401 1470 485 Tiberi„
1504 402 1645 462 Hoc
1683 400 1895 487 ipsum
1930 399 2151 462 fecisse
2188 421 2257 464 se
2293 399 2629 464 Maximia-

492 530 652 588 nuS‚
691 508 868 594 Eleg.
903 509 932 569 1
955 555 970 582 ,
1006 531 1062 569 v.
1105 507 1208 593 37,
1235 522 1508 570 testatur
1540 528 1555 568 :
1586 506 1901 569 Innabam
1918 505 2167 591 gelidas
2202 505 2479 569 Tiberini
2480 506 2629 590 flu·

491 616 676 676 minis
723 613 944 676 mulas.
998 613 1241 676 Urbem
1295 612 1565 699 patriam
1612 611 1983 675 Maximiani
2032 612 2301 700 propius
2343 611 2627 676 indicare

493 734 700 782 tentat
729 720 1136 782 Fontaninus
1171 739 1315 805 pag.
1351 717 1430 782 55
1452 768 1469 794 ,
1494 734 1689 804 atque
1720 740 1798 780 ex
1830 718 1971 806 ipso
2004 739 2195 782 versu
2226 718 2401 800 ejus,
2428 740 2624 806 quem

494 821 699 886 modo
725 821 1148 897 adduximus,
1183 825 1567 911 suspicatur,
1600 839 1820 888 ortum
1857 823 2195 912 altumque
2226 847 2365 889 esse
2400 825 2469 888 in
2494 825 2629 888 Tu·-

493 930 637 994 sciae
670 929 1131 994 Suburbicanae
1165 931 1472 1018 quopiam
1507 929 1753 1018 oppido
1774 978 1792 1011 ,
1826 929 2046 994 Tiberi
2070 928 2399 1011 adjacente
2418 979 2436 1012 ,
2466 947 2625 1020 puta

495 1036 785 1099 Hortana
827 1036 1115 1100 Colonia.
1164 1036 1291 1100 Sed
1336 1036 1464 1100 hoc
1510 1035 1823 1100 indicium
1857 1034 2213 1100 admodum
2248 1053 2447 1100 tenue
2487 1052 2625 1117 est,

495 1139 800 1228 idemque
825 1165 1048 1208 versus
1083 1143 1357 1230 probare
1385 1157 1627 1230 potest,
1658 1143 1929 1206 Romam
1955 1143 2151 1206 fuisse
2180 1141 2628 1206 adolescentiae

495 1248 631 1326 ejus
685 1247 940 1330 locum,
991 1246 1173 1336 quod
1221 1248 1452 1312 clarius
1500 1246 1792 1312 adfirmat
1842 1270 2063 1312 versus
2108 1246 2194 1312 63
2215 1296 2234 1328 ‚
2266 1247 2625 1336 praesertim

493 1378 702 1442 quum
747 1371 814 1418 et
855 1355 1094 1418 caussis
1141 1356 1206 1418 in
1250 1356 1394 1419 foro
1425 1353 1691 1444 agendis
1728 1370 1794 1419 et
1825 1353 2231 1442 poematibus
2268 1351 2629 1444 pangendis

494 1483 756 1546 operam
801 1483 870 1522 se
917 1458 1169 1524 dedisse
1211 1458 1510 1522 adfirmet
1555 1459 1731 1546 Eleg.
1767 1460 1836 1541 1,
1881 1481 1923 1546 9
1963 1481 2093 1547 seq.
2142 1474 2208 1522 et
2249 1481 2403 1545 129,
2443 1456 2628 1546 quod

495 1567 719 1628 Romae
769 1563 906 1627 fieri
953 1564 1219 1628 solenne
1267 1581 1418 1628 erat.
1471 1564 1635 1630 Inde
1685 1564 1970 1630 honores
2018 1564 2313 1652 publicos
2356 1564 2629 1654 gessisse

490 1669 784 1750 videtur,
837 1692 1232 1756 quamquam
1287 1692 1515 1734 eorum
1572 1668 1805 1734 diserta
1866 1670 2113 1734 mentio
2166 1691 2301 1734 non
2353 1668 2444 1734 fit.
2496 1667 2631 1734 Sed

493 1797 702 1862 quum
735 1773 968 1861 Elegia».
1003 1773 1058 1834 V
1085 1774 1405 1863 principio
1429 1792 1775 1854 memorat,
1798 1775 2063 1838 missum
2086 1796 2155 1838 se
2176 1772 2533 1862 aliquando
2554 1777 2629 1838 in

491 1879 828 1942 Orientem
878 1879 1067 1966 legati
1115 1901 1386 1942 munere
1430 1881 1729 1944 sunctum
1776 1903 1948 1961 esse,
1996 1880 2157 1967 quin
2204 1902 2283 1944 eo
2330 1895 2626 1968 tempore

485 1986 617 2064 jam
664 1983 972 2072 dignitate
1005 2001 1071 2048 et
1102 1985 1464 2050 honoribus
1502 1984 1679 2050 domi
1712 1987 1904 2074 gestis
1934 1985 2195 2050 illustris
2226 1985 2425 2050 fuerit
2444 2033 2467 2068 ,
2496 1984 2629 2050 du-

492 2090 680 2154 bitari
736 2091 983 2178 nequit.
1035 2091 1119 2154 Et
1168 2107 1371 2156 exstat
1423 2092 1492 2154 in
1544 2092 1909 2159 Cassiodori
1955 2092 2288 2156 variarum
2346 2091 2513 2155 libro
2556 2093 2625 2172 1,

459 2195 778 2283 ‘Epistola
815 2197 976 2260 XXI
1013 2221 1048 2258 a
1094 2196 1509 2263 Theoderico
1552 2201 1726 2287 Rege
1770 2197 2139 2264 Gothorum
2180 2197 2263 2262 ad
2292 2196 2633 2262 Maximia-

493 2323 654 2364 num
703 2299 852 2365 data
874 2350 892 2381 ,
943 2324 1070 2388 qua
1124 2303 1183 2365 ei
1233 2302 1565 2368 ratiocinia
1615 2303 2002 2368 fabricarum
2054 2301 2235 2367 urbis
2284 2303 2507 2367 Romae
2558 2317 2629 2367 et

491 2428 834 2493 operarum
884 2405 1294 2492 publicarum
1350 2432 1386 2473 a
1443 2410 1617 2498 Rege
1675 2407 2253 2488 commendantur,
2308 2424 2377 2472 et
2436 2408 2629 2489 cujus

489 2509 823 2597 inscriptio
857 2509 992 2573 haec
1015 2526 1111 2573 est
1137 2534 1152 2575 :
1190 2513 1648 2581 Timonomcvs
1674 2514 1815 2576 Rnx
1840 2513 2232 2575 Maximiano
2254 2512 2331 2577 V.
2360 2513 2515 2577 ILL.
2544 2535 2629 2577 13⁹1·

491 2618 770 2678 Annam:
802 2614 877 2677 V.
913 2615 1236 2693 Sannum
1271 2616 1610 2702 (1).-Idem
1653 2617 2081 2681 Maximianus
2122 2632 2523 2681 memoratur
2557 2633 2629 2681 et

492 2720 628 2784 Viri
661 2721 933 2785 Illustris
975 2723 1164 2786 titulo
1199 2724 1548 2810 insignitur
1578 2724 1724 2787 libri
1750 2724 1841 2788 IV
1873 2724 2141 2811 epistola
2182 2725 2394 2789 XXII.
2434 2724 2631 2789 Seve-

555 2925 634 2993 (1)
669 2922 758 2975 Sic
794 2922 970 2974 retulit
1003 2922 1148 2973 hunc
1179 2922 1388 2974 titulum
1423 2921 1707 2975 Goldastus
1747 2924 1801 2973 in
1836 2922 2147 2995 praefatione
2182 2922 2252 2975 ad
2291 2921 2449 2976 Ovid.
2476 2921 2629 2975 Erot.

484 3010 590 3063 Sed
627 3009 678 3061 in
718 3010 844 3081 ipsis
880 3008 1132 3079 exemplis
1163 3007 1459 3061 Cassiodori
1496 3020 1696 3061 exstant
1732 3021 1937 3061 tantum
1966 3009 2130 3063 litera
2154 3010 2222 3061 V.
2253 3008 2305 3062 S.
2334 3008 2403 3061 de
2429 3009 2627 3080 quibus

491 3096 754 3151 Reinesius
776 3137 791 3162 ,
834 3096 1000 3166 Epist.
1031 3098 1120 3162 81,
1156 3096 1224 3149 ad
1259 3098 1546 3149 Daumium
1568 3136 1583 3161 ‚
1620 3116 1671 3167 p.
1701 3118 1821 3169 ²07·
1859 3096 2171 3150 Goidastum
2198 3098 2434 3151 refutans
2453 3135 2469 3160 ,
2506 3098 2620 3152 ait:

486 3188 554 3239 V.
575 3188 628 3240 S.
655 3184 712 3237 id
737 3196 840 3249 est,
869 3187 956 3235 Vir
971 3188 1282 3251 Spectabilis,
1315 3197 1440 3238 nota
1469 3184 1743 3239 axiomatis
1770 3187 1823 3238 in
1852 3188 1979 3257 nep.
2004 3186 2225 3257 proximi
2248 3184 2545 3239 Illustribus
2572 3200 2628 3240 et

487 3272 828 3338 Cim-issimis,
857 3284 1072 3325 auctore
1108 3271 1455 3326 Constantino
1496 3280 1555 3326 Α.
1590 3274 1835 3347 proprius
1872 3274 2261 3327 Advocatomm
2294 3274 2434 3339 fisci,
2472 3274 2629 3327 Refo-

486 3359 878 3424 rendariorum,
901 3360 1232 3432 aliorumque
1259 3362 1458 3431 magnis
1479 3361 1667 3415 officiis
1694 3362 2055 3435 impositorum
2084 3361 2282 3415 titulus.
2311 3362 2627 3416 Profectum

483 3466 705 3501 annona
733 3452 962 3501 Sabinum
988 3449 1056 3501 V.
1083 3449 1135 3501 S.
1169 3461 1324 3501 vocat
1355 3448 1513 3502 inscr-
1540 3451 1693 3503 Rom.
1727 3452 1785 3503 in
1813 3451 2035 3503 Basilica
2056 3450 2315 3513 Ostiensi,
2339 3468 2501 3520 quam
2535 3470 2629 3503 no-

483 3534 613 3589 tavit
635 3535 790 3587 Sirm.
813 3536 882 3589 ad
907 3536 1115 3589 Ennod.
1134 3536 1210 3587 v1
1224 3574 1240 3599 ‚
1279 3556 1358 3607 ep.
1384 3556 1465 3606 ²9·
1508 3536 1821 3591 Goldastum
1841 3552 2023 3592 contra
2042 3537 2276 3591 defendit
2302 3538 2385 3589 vel
2406 3551 2629 3591 excusat

481 3623 835 3689 Fontaninus‚
857 3642 907 3693 p.
935 3622 999 3676 55
1021 3661 1037 3686 ,
1066 3634 1221 3695 atque
1247 3638 1452 3691 monet,
1477 3645 1601 3678 eum
1631 3640 1779 3680 notas
1802 3626 2225 3699 compendiarias
2245 3626 2310 3676 V.
2326 3624 2377 3677 S.
2402 3626 2627 3679 minime

484 3709 813 3781 exposuisse,
843 3710 937 3764 sed
973 3710 1213 3763 retulisse
1239 3714 1401 3765 verba
1435 3712 1640 3785 integra
1676 3713 1997 3779 cassiodori,
2022 3730 2179 3784 penes
2200 3730 2357 3784 quem
2384 3724 2627 3783 prostant

481 3798 618 3850 bene
655 3799 822 3851 mults
854 3798 1160 3869 hujusmodi
1188 3802 1424 3871 exempla
1444 3842 1460 3867 ,
1511 3814 1569 3854 ut
1595 3803 1685 3855 lib.
1714 3804 1739 3855 1
1761 3840 1776 3866 ,
1810 3802 1973 3873 Epist.
2002 3802 2160 3854 XIX:
2194 3824 2219 3843 «ι
2242 3800 2535 3853 Saturnino
2570 3812 2625 3853 et

481 3886 740 3939 Verbusio
771 3887 911 3939 Viris
950 3886 1242 3941 illustribus
1271 3890 1610 3943 senatoribus
1630 3912 1684 3955 ις
1726 3891 1888 3963 Epist.
1922 3890 2109 3942 xxu:
2158 3916 2179 3937 ι
2202 3888 2461 3943 Marcello
2489 3890 2625 3943 viro

480 3973 716 4027 senatori
745 4000 765 4020 ι-
787 3994 800 4037 ;
827 3976 988 4045 Epist.
1021 3976 1229 4028 XXIV:
1264 4004 1284 4021 ιι
1307 3978 1590 4031 Sabiniano
1614 3979 1744 4029 Viro
1766 3979 2001 4031 Senator-i
2027 4004 2047 4024 ι
2072 3996 2086 4039 ;
2112 3991 2161 4029 ct
2187 3976 2496 4049 hujusmodi
2518 3976 2623 4029 alia
