2964 4690
523 375 874 444 TEsT1M.
923 377 1042 444 ET
1089 376 1454 446 JUDICIA
1508 376 1633 443 DE
1684 373 2255 445 ΜΑΧΙΜΙΑΝΟ.
2334 371 2464 466 187

422 505 594 595 Eleg.
627 507 660 569 I
679 555 699 588 ,
747 529 810 570 v.
863 505 1026 571 113:
1069 508 1130 572 O
1166 529 1360 596 quam
1391 505 1558 571 dura
1582 508 1848 595 premit,
1884 520 2003 570 eto.
2040 519 2347 592 praeterae
2388 523 2469 566 ex

419 613 592 701 Eleg.
633 613 705 694 l,
749 635 811 678 v.
861 611 1030 695 265,
1075 633 1237 702 277,
1278 613 1569 700 289311,
1620 617 1735 696 4ο,
1786 611 1887 676 51.
1932 611 2123 676 Conf.
2168 610 2321 676 Ger.
2367 611 2465 674 Jo.

419 716 705 800 Vossius,
729 719 938 782 Instit.
966 719 1142 784 Orat.
1169 719 1366 800 lib.V,
1390 741 1532 808 oep.
1567 718 1676 796 13,
1699 739 1845 807 pag.
1874 721 2025 804 417.

331 927 438 993 lv.
483 929 919 995 ALBERTUS
963 932 1046 996 ab
1087 933 1254 997 EYB
1275 981 1294 1014 ,
1340 933 1792 997 Cubicularius
1840 929 2093 996 Summi
2141 925 2467 994 Pontificis

415 1032 514 1096 Pii
543 1033 606 1098 11
624 1081 642 1115 ,
666 1033 885 1122 plures
909 1057 1133 1101 versus
1157 1037 1535 1102 Maximiani
1557 1035 1826 1101 adducit
1846 1035 1913 1099 in
1938 1033 2300 1124 Margaritae
2320 1055 2472 1121 poe-

415 1139 556 1204 ticae
592 1161 732 1228 cap.
778 1139 856 1205 13
872 1188 893 1223 ,
917 1141 1030 1208 fol.
1061 1143 1147 1208 86
1169 1143 1473 1210 editionis
1497 1143 1871 1210 Basileensis
1893 1164 1997 1206 an.
2026 1139 2217 1206 1503.
2244 1138 2468 1204 Refert

419 1245 474 1310 F
473 1247 830 1313 ontaninus
853 1247 1020 1316 Hist.
1041 1250 1206 1318 liter.
1231 1251 1515 1339 Aquilai.
1540 1273 1687 1340 pag.
1710 1254 1819 1337 47.

327 1457 400 1522 V.
439 1456 679 1524 PETR.
707 1461 1114 1528 CRINITUS
1153 1461 1237 1528 de
1283 1462 1499 1530 Poetis
1539 1464 1675 1532 Lat.
1716 1483 1853 1549 cap.
1905 1466 2025 1544 42,
2065 1460 2183 1526 ubi
2218 1459 2300 1524 de
2340 1461 2459 1524 Cn.

1117 1568 1420 1632 Cornelio
1456 1567 1669 1632 Gallo.

407 1741 752 1832 Leguntur
785 1759 971 1808 aetate
993 1759 1214 1808 nostra
1235 1743 1605 1832 Elegiarum
1636 1741 1786 1806 libri
1818 1741 1942 1807 sub
1967 1742 2236 1806 nomine
2261 1742 2461 1805 Corn.

323 1847 532 1929 Galli,
575 1872 704 1936 qua
745 1849 814 1913 in
857 1872 930 1913 re
969 1850 1151 1914 facile
1192 1865 1291 1913 est
1329 1849 1669 1940 imponere
1709 1829 2461 1936 imperitishominibuS.

325 1953 456 2035 Qui
506 1970 727 2018 autem
784 1955 1004 2043 paullo
1057 1953 1430 2044 diligentius
1492 1953 1946 2041 antiquitatem
1999 1953 2427 2017 observarunt
2447 2001 2466 2034 ,

321 2058 482 2122 nihil
539 2059 760 2124 minus
808 2059 1170 2124 censebunt
1193 2107 1214 2140 ,
1263 2081 1458 2146 quam
1520 2074 1594 2123 ut
1638 2058 1779 2124 haec
1822 2057 2154 2122 referenda
2204 2058 2337 2124 sint
2380 2059 2463 2127 ad

319 2181 576 2252 poetam
612 2166 892 2231 Gallum.

315 2372 422 2439 VI.
448 2372 950 2441 GREGORIUS
973 2375 1380 2440 Britannicus
1401 2422 1420 2454 ,
1450 2374 1610 2439 Ord.
1646 2374 1912 2441 Praedic.
1945 2376 2013 2439 in
2043 2377 2453 2443 sermonibus

399 2479 831 2562 funebribus,
884 2481 1134 2545 excusis
1175 2480 1460 2545 Venetiis
1509 2502 1613 2544 an.
1670 2478 1835 2546 1505
1860 2529 1879 2563 ,
1921 2480 2063 2546 ἱππ-8
2083 2530 2102 2564 ,
2142 2482 2279 2547 haec
2315 2506 2455 2547 car-

399 2586 580 2650 mina
631 2586 758 2651 sub
809 2608 967 2651 vero
1015 2586 1284 2650 nomine
1333 2586 1710 2651 Maximiani
1752 2588 2003 2678 profert
2038 2587 2249 2673 (teste
2281 2590 2455 2653 Fon-

399 2691 630 2756 tanino
661 2692 731 2754 in
765 2690 932 2757 Hist.
963 2692 1055 2757 lit.
1091 2692 1305 2781 Aquil.
1341 2714 1406 2779 p.
1447 2691 1575 2779 48)
1611 2692 1788 2780 Eleg.
1826 2693 1892 2774 I,
1934 2712 2053 2757 221
2084 2716 2099 2757 :

593 2862 758 2918 Ortus
781 2874 974 2917 cuneta
995 2882 1120 2917 suos
1137 2874 1388 2936 repetunt
1402 2904 1416 2928 ,
1438 2874 1771 2934 matremque
1792 2862 2071 2935 requirunt
2084 2904 2101 2929 ,

659 2952 727 3004 Et
750 2951 886 3005 redit
911 2952 968 3005 in
993 2950 1220 3007 nihilum
1239 2993 1255 3019 ,
1286 2952 1431 3025 quod
1473 2951 1575 3011 fuit
1608 2964 1730 3009 ante
1756 2949 1918 3019 nihil,
1944 2964 2043 3007 etc.

307 3158 452 3223 vn.
517 3132 1004 3225 nomm‘cus
1067 3158 1395 3235 MARIUS
1451 3160 1724 3228 monn
1786 3164 1855 3226 in
1916 3162 2450 3230 Enamtionibus

395 3268 720 3331 Amorum
756 3266 998 3350 Ovidii,
1028 3266 1140 3337 lib.
1172 3270 1237 3351 1,
1269 3270 1446 3358 Eleg.
1478 3270 1624 3351 XV,
1656 3269 1961 3335 editionis
1987 3269 2249 3345 Venetae
2281 3271 2457 3359 apud

395 3373 492 3439 Jo.
527 3372 895 3438 Tacuinum
927 3374 1012 3440 de
1042 3376 1318 3441 Tridino
1349 3399 1455 3443 an.
1494 3374 1697 3458 1518,
1732 3375 1937 3440 in-fol.

393 3556 616 3621 Gallus
661 3559 1180 3627 Foro-Julianus.
1233 3560 1446 3641 Hujus
1493 3562 1669 3625 nulla
1716 3580 1985 3651 prorsus
2018 3562 2304 3625 carmina
2340 3584 2453 3625 ex-

303 3676 520 3745 stant3
555 3685 709 3727 nam
753 3664 870 3753 qui
903 3688 1116 3755 nuper
1146 3668 1421 3756 protulit
1457 3666 1525 3731 in
1564 3668 1777 3730 lucem
1810 3665 2179 3755 Elegiarum
2220 3689 2451 3756 quem-

301 3768 456 3832 dam
489 3770 823 3854 libellum,
871 3771 1056 3853 cujus
1099 3790 1432 3837 auctorem
1476 3772 1736 3837 Gallum
1773 3772 1927 3837 fecit
1950 3822 1969 3856 ,
2009 3788 2124 3837 aut
2162 3772 2451 3864 prudens

303 3875 686 3964 sciensque,
722 3900 985 3966 sperans
1030 3876 1274 3965 aliquid
1319 3876 1473 3943 inde
1518 3878 1945 3945 emolumenti
1976 3902 2055 3973 *se
2089 3894 2450 3967 aucupatu-

303 4002 456 4045 mm
475 4030 498 4063 ,
531 3982 812 4047 rudibus
843 3984 1194 4049 lectoribus
1227 3983 1541 4072 imposuit
1561 4033 1579 4066 ,
1625 3998 1737 4049 aut
1768 3984 2013 4065 judicio
2050 3984 2308 4074 penitus
2342 4006 2449 4047 ca-

305 4087 458 4151 ruit.
493 4088 794 4153 Carmina
829 4089 1000 4152 enim
1031 4089 1133 4152 illa
1153 4136 1170 4169 ,
1200 4088 1436 4176 quibus
1471 4106 1545 4153 ut
1572 4088 1731 4154 fides
1766 4089 1975 4155 fraudi
2008 4089 2448 4169 adhiberetur,
