2964 4690
504 345 642 416 522

1342 353 1800 421 AUSONII

888 483 1313 553 Cou'rnt‘rus
1344 497 1496 552 esto
1515 537 1535 570 ,
1584 480 1790 552 Paule
1821 484 1950 564 mi,

861 593 1209 678 ,Lasciva‚
1254 593 1491 682 Paule,
1535 595 1818 688 pagina:

891 703 1133 780 Ridere
1172 699 1265 772 nil
1312 703 1486 774 ultra
1531 717 1794 800 expeto,
1883 735 1902 754 ι

597 865 737 953 Sed
776 893 1007 966 quum
1049 868 1303 968 legeris
1314 831 1620 958 ,adesto
1647 869 1826 942 mihi
1862 868 2244 953 adversum
2279 893 2440 959 eoS,
2471 872 2626 968 qui,

504 1005 589 1062 ut
620 981 977 1064 Iuvenalis
1016 995 1147 1080 ait,

598 1174 839 1244 Curios
883 1169 1231 1262 simulant,
1268 1191 1337 1244 et
1373 1172 1812 1247 Bacchanalia
1848 1175 2089 1244 vivunt
2121 1200 2139 1243 ε

504 1359 595 1414 ne
636 1341 823 1415 forte
862 1344 964 1440 (1)
998 1369 1235 1417 mores
1272 1370 1474 1418 meos
1512 1359 1843 1444 spectent
1873 1345 1967 1418 de
2003 1345 2344 1418 carmine.

590 1513 865 1581 Lasciva
898 1528 995 1582 est
1031 1514 1224 1582 nobis
1256 1515 1537 1608 pagina,
1583 1515 1716 1582 vita
1756 1514 1966 1607 proba
1990 1567 2010 1598 ‚

502 1709 582 1766 ut
623 1695 892 1767 Plinius
937 1696 1113 1767 dicit
1132 1698 1253 1790 (α).
1305 1697 1768 1769 Meminerint
1821 1711 2065 1769 autem
2088 1752 2106 1785 ‚
2143 1699 2416 1794 quippe
2453 1723 2626 1770 eru-

500 1815 656 1904 diti,
684 1816 1187 1914 probatissimo
1214 1821 1369 1890 viro
1401 1819 1628 1892 Plinio
1657 1821 1732 1890 in
1759 1815 2217 1919 poematibus
2245 1817 2627 1908 lasciviam,

460 1941 577 2012 ,in
621 1939 944 2012 moribus
978 1944 1383 2014 constitisse
1416 1961 1815 2015 censuram.
1861 1941 2146 2016 Prurire
2188 1943 2624 2042 opusculum

504 2063 855 2160 Sulpitiae‚
925 2063 1241 2136 frontem
1314 2090 1650 2164 caperare
1702 2067 1856 2163 (3):
1903 2093 2058 2141 esse
2123 2067 2504 2167 Apuleium
2549 2069 2622 2137 in

571 2323 649 2392 (1)
672 2322 903 2391 Nesos-ee.
920 2322 1117 2376 Omnia
1140 2334 1319 2377 nostru
1336 2341 1513 2377 exem-

503 2402 673 2476 plaria
717 2400 917 2454 habent
942 2402 1168 2471 sortasse
1181 2424 1202 2464 ,·
1238 2400 1331 2456 sed
1377 2402 1518 2456 istud

502 2500 599 2553 pro
604 2483 747 2552 ferte
765 2482 1032 2553 scripsisse
1052 2483 1224 2553 potuit
1240 2484 1517 2557 imperitus

499 2572 553 2613 et
600 2559 868 2632 negligens
913 2561 1171 2615 librarius.
1211 2562 1323 2634 Ego
1376 2562 1516 2616 enim

498 2641 633 2695 sicut
650 2680 665 2701 ,
716 2640 757 2692 si
784 2644 923 2709 sorte
939 2679 956 2703 ,
1006 2642 1077 2693 ita
1129 2654 1180 2695 et
1196 2681 1210 2704 ‚
1260 2662 1325 2693 ne
1340 2645 1482 2711 forte
1496 2684 1510 2704 ,

501 2734 609 2775 tam
640 2719 941 2793 frequenter
976 2720 1121 2793 apud
1144 2720 1313 2774 bonos
1338 2731 1518 2773 aucto-

498 2820 582 2855 res
600 2800 841 2865 invenio,
858 2800 1019 2853 veluti
1039 2798 1183 2872 apud
1194 2798 1486 2872 Virgilium
1500 2834 1516 2861 ‚

501 2879 613 2933 Ecl.
640 2878 725 2931 111
743 2918 759 2945 ,
796 2898 861 2948 ²9
883 2898 895 2931 :
932 2905 959 2924 α
976 2898 1045 2931 ue
1072 2881 1205 2933 forte
1231 2897 1439 2932 recuses
1461 2902 1482 2923 ο
1501 2914 1516 2941 ,

501 2970 553 3012 et
570 2959 878 3013 Ciceronem
902 2956 972 3012 ud
996 2960 1251 3024 Quintum
1273 2956 1488 3010 fratrem
1503 2999 1519 3025 ,

1606 2323 1768 2391 Quod
1795 2327 1882 2381 vel
1921 2344 1984 2380 ex
2016 2326 2133 2399 ipso
2170 2324 2341 2378 Plinio
2382 2333 2523 2396 petet
2553 2321 2623 2377 ad

1603 2402 1876 2472 Pontium,
1900 2406 2064 2478 Epist.
2087 2404 2311 2460 lib.vl1.
2335 2404 2622 2459 Scsmcu.

1605 2514 1678 2523 ——
1701 2484 1948 2538 Meminit
1983 2502 2092 2540 non
2127 2484 2287 2537 semel
2313 2482 2514 2535 Plinius
2533 2486 2622 2555 ju-

1604 2562 1741 2629 nior,
1763 2561 1831 2616 de
1856 2581 1963 2635 quo
1989 2563 2081 2616 hic
2107 2582 2312 2625 sermo,
2334 2561 2476 2615 edita
2501 2579 2530 2614 a
2568 2580 2624 2613 se

1605 2641 1870 2705 carmina,
1906 2660 2054 2713 que,
2095 2652 2218 2715 post
2243 2640 2464 2694 Ausonii
2489 2653 2624 2693 tem-

1605 2740 1758 2795 pora,
1779 2720 2092 2775 intercidere
2107 2731 2414 2795 potuerunt.
2427 2718 2624 2771 Eorum

1605 2820 1732 2855 sane
1749 2801 2013 2858 lasciviam
2032 2819 2284 2855 excusare
2303 2798 2485 2852 nititur
2497 2797 2624 2851 dua·

1605 2880 1704 2935 bus
1728 2882 2015 2955 prasertim
2037 2878 2302 2953 Epistolis.

1626 2996 1638 3021 e
1677 2956 1752 3030 (3)
1798 2963 1995 3012 Pnarire
2045 2962 2326 3029 opusculum
2380 2960 2622 3027 Sulpicia,

499 3036 667 3111 Epist.
692 3038 753 3090 11
774 3056 788 3089 ε
821 3062 845 3083 ι
862 3036 943 3089 Ne
969 3038 1102 3090 forte
1118 3056 1203 3090 me
1224 3038 1282 3091 in
1306 3036 1519 3093 Graecos
1592 3042 1810 3110 frontem
1857 3058 2106 3111 capet-are.
2167 3036 2314 3091 Alter
2367 3036 2622 3109 scriptus,

502 3132 608 3172 tam
651 3116 984 3170 ambitiosum
1022 3116 1223 3170 factum
1264 3136 1375 3171 esse
1420 3116 1518 3171 mi-

504 3217 619 3253 rere
640 3225 665 3244 »
678 3237 693 3261 ,
730 3208 787 3249 ut
805 3196 1127 3269 ubicumque
1154 3198 1445 3263 siser-casse,
1466 3208 1520 3249 et

500 3298 563 3329 ne
572 3278 793 3347 fortasse
810 3276 865 3328 in
889 3274 989 3328 illis
1014 3274 1242 3350 reperio,
1260 3274 1515 3330 mendum

502 3376 613 3410 esse
637 3357 884 3431 suspicer.
916 3358 1171 3410 Vota-rus.

567 3436 644 3505 (2)
678 3439 882 3489 Lasciva
908 3452 979 3488 est
1004 3436 1165 3489 nobis.
1182 3476 1195 3487 .
1210 3475 1223 3487 .
1254 3449 1310 3485 ut
1332 3438 1515 3485 Plinius

497 3518 630 3569 dicit.
676 3514 777 3569 Hie
809 3516 1023 3567 ultimus
1052 3511 1345 3567 versiculus
1376 3508 1519 3583 apud

496 3594 787 3649 Martialem
806 3614 1017 3671 quoque
1034 3595 1239 3667 legitur.
1254 3590 1357 3647 Sed
1375 3590 1518 3646 idem

497 3693 679 3729 versus
710 3673 879 3745 potuit
917 3694 949 3726 a
987 3673 1197 3728 duobus
1240 3672 1515 3745 usurpari,

498 3768 557 3808 ut
595 3765 719 3809 sunt
755 3752 961 3825 aliquot
996 3754 1135 3825 apud
1166 3751 1419 3808 Ovidium
1464 3763 1516 3805 et

492 3834 774 3889 Tibullum.
794 3838 973 3901 Quare
990 3836 1165 3909 inepte
1186 3836 1276 3889 hic
1299 3832 1516 3906 quidam

394 3968 412 3979 ,
492 3934 593 3986 pro
606 3916 761 3967 Plinio
778 3912 1073 3969 Martialem
1097 3916 1509 3979 substituerunt:

494 4012 657 4063 quum
705 3992 1036 4047 notissimum
1085 3992 1148 4047 sit
1200 3996 1372 4065 ipsum
1420 3994 1512 4046 Pli-

496 4074 645 4125 nium
672 4073 895 4129 lascivos
918 4074 1204 4127 versiculos
1232 4074 1512 4146 scripsisse.

1607 3118 1938 3183 testeTollio,
1968 3116 2181 3171 habuit:
2209 3120 2400 3170 rma-ire
2422 3136 2625 3185 opuseu-

1606 3200 1704 3251 lum
1717 3238 1733 3259 ,
1790 3200 2027 3267 Sulpiciive
2070 3198 2294 3267 fiuntem
2351 3213 2586 3264 caper-are
2603 3234 2620 3254 ,

1604 3276 1754 3331 nullo
1796 3274 2014 3349 quidem
2063 3294 2235 3329 sensu.
2276 3274 2341 3326 In
2383 3294 2447 3327 eo
2483 3274 2624 3327 enim

1605 3356 1847 3411 membro
1868 3394 1886 3420 ,
1911 3366 1968 3406 ut
1989 3352 2044 3409 in
2065 3356 2264 3409 caeteris
2279 3392 2294 3418 ,
2330 3354 2486 3407 debet
2515 3372 2626 3407 esse

1607 3435 1887 3510 oppositio.
1915 3434 2169 3489 Praeterea
2196 3431 2430 3504 sulpitius
2463 3446 2626 3487 exstat

1604 3515 1794 3581 Satira,
1825 3525 1876 3567 et
1905 3513 2051 3587 apud
2071 3512 2339 3567 Iuvenalis
2367 3512 2624 3583 inaerpre·

1606 3609 1710 3648 tem
1730 3634 1746 3660 ‚
1786 3592 2016 3648 obscoeni
2035 3633 2050 3659 ,
2088 3604 2149 3646 ut
2186 3592 2408 3657 videtur,
2446 3593 2624 3663 operis

1605 3676 1956 3749 fragmentum
1998 3694 2010 3727 :
2055 3672 2178 3725 «Ne
2226 3691 2312 3725 me
2362 3668 2623 3726 cadurcis

1603 3753 1904 3808 destitutam
1935 3752 2122 3816 fasciis,
2163 3748 2376 3805 Nudam
2421 3750 2623 3804 Caleno

1603 3834 1982 3887 concubantem
2009 3832 2241 3905 proferat
2257 3856 2298 3884 a.
2321 3830 2402 3883 De
2431 3828 2620 3883 eadem

1598 3912 1818 3987 Sulpitia
1855 3912 2207 3964 meminerunt
2234 3928 2450 3981 quoque
2478 3908 2620 3960 Mar-

1599 3992 1732 4045 tialis
1753 4033 1768 4059 ,
1827 4004 1878 4044 et
1928 3988 2176 4043 Sidonius
2200 4028 2214 4051 ,
2267 3986 2446 4040 Carm.
2497 3986 2580 4038 lx
2607 4008 2616 4036 :

1608 4072 1764 4124 «Non
1795 4069 1939 4142 quod
1977 4070 2206 4141 Sulpitiae
2245 4070 2400 4139 jocus
2420 4064 2620 4119 Thaliae
