2964 4690
664 367 798 444 DE
849 375 1330 444 AUCTORE
1379 374 2009 442 ELEGMRUM.
2266 379 2401 470 ¹49

297 504 595 568 Memorat
625 505 765 568 haec
788 520 854 568 et
875 528 910 568 e
937 505 1142 592 prima
1169 503 1426 568 Gaurici
1455 503 1740 566 editione
1771 503 1952 566 ducit
1983 503 2219 570 Melch.
2248 504 2404 569 Gol-

299 609 492 674 dastus
551 611 622 673 in
679 611 882 698 Epist.
933 609 1204 674 dedicat.
1260 608 1472 672 Ovidii
1528 609 1803 672 Eroticis
1854 609 2171 697 praemissa
2192 659 2211 691 ,
2258 633 2401 698 quae
2468 645 2473 659 ·

297 715 506 779 deinde
546 717 686 804 ipse
723 715 850 780 vidi
889 731 1122 780 cuncta
1160 715 1358 801 repeti
1397 715 1464 777 in
1498 715 1968 803 exemplaribus
2004 714 2363 780 editionum
2384 767 2401 798 ,

297 843 416 907 quae
445 821 959 908 Pomponianam
992 821 1286 909 proxime
1321 819 1681 907 insequutoe
1708 836 2160 908 expresserunt
2178 870 2197 902 ,
2224 822 2401 885 Pari-

255 1013 260 1016 ·
297 927 498 990 siensis
551 943 620 990 et
663 927 1104 1010 Ascensianae,
1161 924 1322 991 1503
1347 973 1364 1006 ‚
1414 927 1970 1015 Argentoratensis
2018 949 2096 990 ex
2142 925 2399 991 officina

295 1031 700 1095 Schureriana
718 1079 736 1112 ,
775 1031 960 1118 1509.

363 1138 498 1201 Etsi
517 1137 789 1201 omnino
803 1139 992 1225 pauci
1005 1137 1410 1202 eruditorum
1431 1140 1721 1220 fuerunt,
1742 1138 1855 1226 qui
1869 1138 2024 1201 fuco
2048 1138 2305 1202 Gaul-ici
2330 1161 2398 1204 se

291 1243 492 1307 induci
511 1225 910 1330 paterentur,
933 1259 997 1307 et
1011 1244 1262 1333 Elegiae
1287 1244 1455 1308 serio
1477 1267 1615 1308 esse
1636 1246 1829 1309 Corn.
1857 1243 2018 1308 Galli
2040 1243 2398 1324 crederent,

287 1372 416 1436 quae
455 1365 642 1412 erant
680 1348 1090 1431 Maximiani,
1141 1349 1384 1412 inventi
1431 1363 1645 1412 tamen
1701 1347 2040 1429 nonnulli,
2091 1349 2205 1435 qui
2260 1371 2395 1412 non

289 1454 434 1517 nihil
469 1453 903 1518 concederent
927 1456 986 1517 ei
1017 1455 1348 1542 opinioni,
1381 1468 1445 1517 et
1481 1452 1968 1540 quodammodo
2002 1453 2277 1517 mediam
2314 1454 2396 1518 de

286 1576 538 1622 auctore
576 1581 796 1621 earum
843 1559 1226 1621 sententiam
1267 1557 1829 1644 amplecterentur.
1878 1557 1993 1619 Lil.
2039 1559 2229 1646 Greg.
2264 1559 2398 1647 Gy-

286 1663 524 1744 ralduS,
556 1664 675 1728 etsi
697 1663 891 1727 'valde
928 1662 1282 1730 detestatur
1320 1685 1551 1726 eorum
1587 1661 2089 1750 impudentiam,
2123 1664 2237 1750 qui
2268 1680 2396 1727 tra-

285 1771 505 1834 latitios
539 1786 606 1833 et
647 1769 990 1834 ementitos
1029 1791 1250 1832 versus
1284 1769 1407 1833 sub
1438 1768 1604 1832 Galli
1634 1783 1841 1856 poetae
1874 1769 2137 1832 nomine
2168 1769 2396 1834 vendi··

283 1889 521 1956 tarunt,
559 1874 821 1954 subjicit
851 1889 1065 1937 tamen
1092 1897 1108 1938 ε
1141 1873 1350 1937 Unam
1376 1897 1527 1937 vero
1560 1871 1677 1936 vel
1694 1873 1959 1937 alteram
1995 1876 2185 1961 {osius
2218 1875 2399 1940 Galli

281 2005 392 2044 esse
435 2003 566 2044 non
605 1979 947 2043 abnuerim.
987 1980 1043 2043 J.
1081 1981 1157 2043 A.
1198 1979 1532 2043 Fabricius
1569 1979 1633 2041 in
1682 1978 1844 2043 Bibl.
1884 1980 2019 2042 Lat.
2060 1979 2395 2066 opinatur,

281 2085 630 2174 Gyraldum
677 2086 752 2150 iis
799 2086 1011 2150 verbis
1057 2084 1226 2149 forte
1277 2085 1591 2172 respicere
1635 2084 1916 2174 Elegiam
1946 2133 1965 2165 ‚
2019 2085 2143 2148 sub
2192 2087 2396 2150 Asinii

281 2191 553 2256 Cornelii
584 2189 748 2255 Galli
788 2191 1053 2254 nomine
1092 2190 1175 2254 ab
1212 2189 1375 2254 Aldo
1413 2189 1711 2254 Manutio
1748 2191 2087 2254 Florentiae
2119 2190 2351 2254 editam
2376 2243 2392 2274 ‚

281 2320 410 2384 quae
445 2296 674 2385 incipit
699 2321 716 2362 :
751 2295 1062 2384 Nonsuit
1085 2297 1464 2361 Arsacidum
1496 2299 1668 2360 tanti
1690 2319 2059 2385 expugnare
2084 2295 2393 2363 Seleucen.

277 2402 394 2467 Sed
437 2404 706 2467 Moneta
743 2404 810 2466 in
845 2402 1275 2492 Menagiani5‚
1311 2426 1453 2492 pag.
1500 2402 1663 2483 343,
1709 2420 1935 2467 contra
1972 2420 2227 2485 monet,
2260 2406 2395 2493 Gy-

277 2507 522 2572 mldum
561 2508 696 2573 duo
728 2508 811 2572 de
844 2508 1263 2597 quadraginta
1294 2509 1479 2572 annis
1513 2524 1663 2573 ante
1696 2510 2047 2573 editionem
2082 2509 2217 2589 ejus
2247 2510 2394 2573 Ele-

275 2614 414 2701 giae,
453 2636 692 2703 nempe
713 2634 898 2677 anno
933 2611 1097 2678 1552
1118 2662 1137 2695 ,
1167 2636 1306 2677 esse
1328 2630 1661 2691 mortuum
1679 2664 1697 2697 ,
1730 2631 1924 2702 atque
1950 2613 2114 2677 adeo
2142 2614 2395 2677 nullum

276 2722 324 2782 ei
356 2720 750 2799 conjecturae
779 2720 996 2784 locum
1025 2742 1185 2784 esse.
1213 2719 1492 2784 Difficile
1517 2738 1730 2784 tamen
1766 2736 1865 2785 est
1880 2719 2169 2799 judicare
2186 2769 2204 2803 ‚
2237 2744 2395 2807 quas

275 2824 512 2913 Elegias
539 2826 606 2887 in
639 2824 857 2888 animo
883 2824 1182 2888 habuerit
1211 2824 1533 2912 Gyraldus
1552 2872 1571 2907 ‚
1605 2846 1764 2912 quas
1796 2825 2184 2889 existimaret
2212 2824 2395 2888 Gallo

271 2928 489 3019 dignas
518 2952 684 2994 esse.
717 2931 956 2995 Similia
989 2931 1123 2994 fere
1157 2931 1353 2995 sentit
1385 2932 1438 2994 J.
1472 2931 1626 2994 Caes,
1661 2931 1969 3019 Scaliger,
2004 2944 2068 2992 et
2102 2930 2397 2993 universe

271 3036 533 3122 quidem
569 3036 830 3102 Gallum
875 3052 1204 3100 auctorem
1252 3036 1569 3126 denegare
1606 3037 1840 3127 Elegiis
1878 3036 2016 3099 istis
2052 3058 2184 3099 non
2223 3034 2398 3099 vide-

273 3157 402 3223 tur,
439 3142 558 3206 sed
595 3159 850 3206 tantum
885 3140 966 3205 de
992 3165 1122 3205 una
1156 3141 1613 3223 subdubitare,
1650 3144 1717 3207 in
1757 3166 1883 3230 qua
1918 3142 2171 3205 canitur
2204 3141 2401 3228 Aqui-

269 3246 423 3328 lina,
462 3271 664 3336 quam
703 3246 862 3311 dicit
897 3248 1177 3311 hominis
1221 3270 1358 3311 esse
1400 3250 1632 3312 Graecae
1676 3249 2018 3311 literaturae
2056 3247 2257 3335 ignari
2280 3296 2297 3327 ‚
2336 3264 2441 3310 et·

271 3376 462 3438 quem
520 3354 690 3417 ratio
748 3354 986 3442 fugerit
1037 3353 1445 3442 syllabarum.
1508 3352 1694 3441 (vid.
1757 3352 2220 3440 Testimonia.)
2272 3352 2399 3416 Sed

273 3480 472 3542 quum
511 3459 688 3523 idem
728 3460 954 3523 vitium
1000 3460 1068 3522 in
1112 3460 1354 3523 caeteri‘s
1395 3460 1629 3547 Elegiis
1674 3460 2089 3539 observetur,
2128 3482 2261 3521 non
2302 3460 2400 3521 vi-

273 3560 459 3627 detur
503 3564 790 3654 Scaliger
824 3566 972 3627 satis
1025 3564 1286 3628 adtente
1341 3587 1568 3627 omnes
1617 3564 1863 3652 Elegias
1913 3560 2289 3653 perlegisse,
2331 3568 2403 3627 iit

273 3667 556 3745 ejusdem
609 3692 842 3733 omnes
893 3671 1138 3733 ‚coloris
1203 3692 1340 3733 esse
1397 3670 1795 3757 intelligeret.
1857 3672 2043 3757 Casp.
2104 3671 2400 3734 Barthius

275 3773 562 3858 pluribus
603 3776 764 3839 locis
801 3798 940 3838 eam
980 3776 1364 3839 sententiam
1404 3774 1767 3862 profitetur,
1808 3790 1881 3839 ut
1911 3775 2073 3841 Galli
2111 3799 2293 3863 aeque
2329 3800 2402 3839 ac

275 3877 637 3943 Maximiani
672 3894 886 3968 partes
935 3880 1176 3967 aliquas
1224 3881 1290 3942 in
1341 3880 1418 3942 iis
1455 3880 1691 3967 Elegiis
1729 3902 1865 3943 esse
1903 3896 2169 3961 statuat,
2206 3880 2404 3942 dicat-

275 4005 398 4067 que
416 4034 434 4065 ,
467 4008 602 4049 esse
624 4008 730 4049 eas
751 4034 770 4067 ,
801 4002 973 4049 certe
999 4008 1194 4048 unam
1222 3987 1325 4048 'vel
1356 3986 1617 4048 alteram
1641 4035 1657 4067 ‚
1685 4010 1720 4049 e
1752 3990 1947 4050 Corn.
1976 3985 2141 4049 Galli
2170 3983 2402 4070 Elegiis

274 4110 308 4147 a
345 4090 622 4175 quodam
663 4092 1054 4156 Maximiano
1092 4106 1450 4155 contractas
1479 4108 1545 4156 et
1578 4093 2020 4179 interpolataS,
2060 4106 2117 4153 et
2155 4091 2216 4151 in
2259 4110 2402 4151 scn-
