2964 4690
491 331 625 404 532
1029 331 1481 400 AUSONII
1538 331 2072 400 PRAEFATIO

484 475 754 561 puncta
800 483 1217 533 sermonum
1257 486 1271 526 ε
1312 461 1385 531 in
1430 459 1699 558 quibus
1745 459 2004 531 nullus·
2029 458 2381 532 facundiae
2423 460 2627 534 locus

486 602 593 658 est
615 641 633 676 ,
690 607 1031 657 sensuum
1098 583 1297 656 nulla
1363 586 1784 683 conceptio,
1865 586 2272 683 propositio
2294 639 2314 672 ,
2379 585 2624 657 reddi-

489 711 593 800 tio
632 708 769 807 (1),
808 707 1207 796 conclusi0,
1248 707 1528 804 aliaque
1567 707 1954 806 sophistica
1973 708 2114 805 (2),
2156 733 2316 806 quae
2354 709 2430 779 in
2469 734 2624 780 uno

486 858 697 905 versu
738 856 895 906 esse
940 856 1099 906 uon
1132 845 1437 930 possunt
1466 858 1481 900 ε
1515 831 1645 904 sed
1680 829 2043 904 cohaerent
2082 834 2214 923 ita,
2253 845 2338 920 ut
2373 833 2624 904 circuli

494 972 905 1028 catenarum
950 953 1276 1054 separati.
1354 959 1449 1044 -Et
1496 954 1710 1026 simul
1774 953 2135 1026 ludicrum
2192 956 2626 1053 opusculum

493 1075 731 1167 texui,
778 1079 1002 1151 ordiri
1058 1078 1446 1174 majuscula
1504 1076 1754 1148 solitus
1791 1076 1943 1172 (3):
1983 1077 2110 1150 sed
2158 1079 2232 1149 in
2271 1081 2473 1150 tenui
2521 1079 2624 1150 la·

486 1201 626 1273 bor
642 1199 779 1296 (4),
825 1213 899 1270 at
924 1223 1079 1269 uon
1120 1198 1357 1268 tenuis
1400 1195 1665 1293 gloria,
1697 1200 1756 1267 si
1793 1196 2222 1294 probantur.
2253 1202 2365 1270 Tu
2415 1198 2625 1270 facies

488 1339 571 1395 ut
621 1324 765 1394 sint
800 1319 1071 1420 aliquid
1102 1318 1230 1418 (5).
1276 1324 1459 1392 Nam
1519 1321 1672 1390 sine
1709 1333 1782 1392 te
1828 1319 2330 1418 Monosyllaba
2373 1337 2620 1410 erunt,

486 1447 601 1519 vel
638 1448 698 1516 si
733 1444 911 1543 quid
942 1446 1199 1516 minus,
1232 1449 1319 1516 In
1356 1443 1626 1542 quibus
1651 1467 1826 1542 eg0‚
1864 1445 2064 1542 quod
2100 1444 2192 1516 ad
2223 1469 2438 1516 usum
2465 1471 2624 1546 per-

486 1573 670 1641 tinet
698 1571 833 1668 (6),
868 1568 1004 1639 lusi
1042 1593 1058 1636 :
1102 1567 1296 1664 quod
1338 1565 1429 1638 ad
1469 1565 1906 1652 molestiam,
1951 1565 2290 1639 laboravi.
2347 1566 2623 1640 Libello

387 1675 395 1683 ⁶
483 1693 1040 1791 Technopaegnii
1076 1713 1343 1762 nomen
1382 1689 1489 1788 (7)
1527 1688 1738 1762 dedi:
1787 1715 1880 1761 ne
1941 1704 2062 1762 aut
2119 1689 2374 1764 ludum
2421 1691 2620 1765 labo-

485 1819 705 1904 ranti,
742 1831 869 1888 aut
903 1795 1147 1888 artem·
1170 1815 1501 1889 crederes
1537 1813 1848 1888 defuisse
1889 1815 2194 1888 ludenti.
2235 1817 2433 1889 Vale.

553 2073 632 2137 (1)
685 2070 945 2137 empositio
962 2103 979 2133 ,
1046 2068 1273 2122 redditio.
1330 2065 1505 2120 Groeci
1591 2067 1774 2120 amicis
1792 2107 1810 2133 ,
1859 2085 2092 2138 quorum
2135 2066 2338 2138 judicia
2383 2071 2616 2142 experiri

484 2149 743 2204 Rhetores
791 2147 1019 2218 πρότασιν
1072 2157 1127 2199 et
1184 2143 1503 2198 ἀνταπόδοσιν
1591 2163 1650 2198 se
1677 2145 1810 2200 velle
1845 2145 2187 2218 profitentur,
2220 2146 2458 2202 insidiari
2487 2148 2622 2203 solet

486 2224 692 2282 dicunt.
714 2227 917 2280 Locum
942 2225 1142 2279 habent
1174 2224 1229 2276 in
1266 2224 1506 2296 partibus
1593 2225 1873 2276 Poetarum
1895 2243 2088 2297 genus,
2112 2236 2170 2278 ut
2193 2226 2278 2280 vel
2299 2243 2469 2300 nugas
2495 2247 2618 2282 suas

486 2307 744 2362 orationis
789 2305 1038 2360 omnibus
1101 2321 1219 2375 quae
1272 2302 1510 2375 duplices

486 2398 643 2453 sunt,
668 2396 727 2438 ut
762 2385 815 2439 in
849 2384 1224 2451 similitudine,
1250 2380 1515 2437 dissimili-

488 2466 701 2532 tudine,
732 2464 952 2518 diversis
972 2505 988 2531 ,
1024 2458 1371 2536 comparatis,
1414 2473 1511 2517 etc.

487 2560 605 2617 quoe
632 2544 689 2597 in
720 2542 986 2597 dissolutis
1014 2533 1320 2617 hujusmodi
1350 2542 1513 2596 versi·

486 2624 589 2677 bus
606 2624 785 2677 locum
800 2621 1002 2675 hebere
1025 2624 1113 2675 vix
1134 2614 1366 2695 possunt.

558 2704 638 2774 (ι)
664 2704 877 2771 Αἰίαᾳιισ
892 2703 1176 2771 sophistica.
1204 2700 1480 2755 Rhetorica
1493 2738 1511 2767 ,

488 2800 581 2837 seu
663 2782 1051 2835 declamatoria.
1121 2782 1512 2834 Declamatores

488 2864 631 2914 enim
672 2860 868 2923 Graecis
918 2858 1137 2930 σοφισταὶ
1182 2858 1346 2922 dicti;
1392 2858 1511 2913 talis

491 2940 746 2994 Libanius
770 2978 786 3004 ,
834 2952 887 2993 et
921 2938 1187 3017 Himerius
1220 2958 1250 2991 a
1279 2938 1511 2995 Werns·

494 3019 665 3073 dorfio
692 3018 889 3087 editus,
914 3032 966 3073 et
992 3016 1099 3072 alii.

564 3101 640 3169 (3)
678 3102 845 3152 Ordin‘
864 3100 1140 3167 majuscula
1158 3098 1345 3151 solitus.
1371 3094 1511 3153 Hinc

492 3180 616 3232 licet
656 3178 851 3231 inferre
886 3171 1352 3249 Technopaegnion
1402 3196 1512 3230 non

494 3258 592 3309 nisi
624 3270 740 3329 post
762 3256 1069 3323 Mosellam,
1088 3255 1254 3313 aliave
1282 3259 1481 3329 majora
1497 3296 1513 3324 ,

492 3337 745 3408 scriptum
776 3336 953 3390 fuisse.

566 3418 643 3483 (4)
670 3418 771 3467 Sed
792 3416 841 3466 in
872 3414 1011 3466 tenui
1035 3418 1193 3475 labor,
1219 3424 1320 3467 etc.
1342 3412 1517 3486 Virgi-

1597 2303 1724 2379 ipsis
1759 2304 2074 2377 adprobent.

1671 2388 1748 2455 (6)
1787 2390 1935 2453 Quod
1950 2390 2025 2438 ad
2039 2404 2177 2437 usum
2201 2388 2426 2455 pertinet.
2457 2388 2624 2453 Quasi

1600 2462 1780 2526 dican
1817 2464 1862 2517 si
1908 2482 2116 2535 quares
2167 2466 2256 2519 cui
2307 2466 2482 2529 hono,
2529 2468 2616 2520 cui

1603 2554 1726 2596 sunt
1767 2543 1886 2595 usui
1936 2543 2021 2597 ho
2059 2542 2254 2617 nuga?
2291 2545 2620 2617 respondebo

1601 2620 1736 2674 nulli
1755 2662 1770 2687 ,
1803 2634 1854 2675 et
1887 2640 1969 2675 me
1995 2622 2049 2675 in
2087 2622 2152 2677 iis
2177 2624 2470 2679 scribendis
2505 2626 2620 2677 nul-

1599 2698 1702 2753 lius
1726 2700 2004 2755 utilitatem
2023 2705 2366 2775 spectavisse,
2403 2703 2498 2759 sed
2515 2717 2622 2759 tan·

1598 2790 1714 2832 tum
1733 2778 1932 2843 lusum,
1943 2792 1994 2833 et
2004 2783 2416 2837 oblectationem
2431 2802 2619 2838 meam.

1597 2858 1653 2933 Si
1701 2878 1830 2911 vero
1883 2878 2086 2931 querat
2131 2880 2292 2933 quam
2341 2863 2621 2917 molestum

1599 2936 1735 2990 mihi
1769 2938 1929 2991 fuerit
1965 2939 2078 2995 haec
2117 2942 2378 3007 scribere,
2411 2962 2622 3009 maon·

1602 3016 1768 3079 debo,
1818 3036 1904 3071 me
1945 3019 2002 3073 in
2040 3019 2108 3074 iis
2135 3020 2428 3077 scribendis
2460 3022 2621 3095 pluri-

1599 3115 1748 3149 mum
1774 3096 1973 3151 laboris
1999 3098 2320 3153 exhausisse.

1669 3174 1747 3247 (7)
1800 3180 2183 3247 Technopaegnii
2221 3198 2418 3231 nomn.
2462 3178 2620 3245 Quod

1605 3268 1684 3309 est
1714 3273 1744 3308 a
1773 3254 1973 3311 Graecis
2003 3258 2222 3313 vocibus
2237 3297 2252 3322 ,
2289 3260 2434 3325 τέχνη
2453 3295 2471 3323 ,
2505 3277 2622 3325 ars,

1603 3328 1659 3388 et
1709 3334 1930 3408 παίγνιον
1951 3377 1968 3403 ,
2019 3334 2167 3392 lusus
2209 3338 2449 3409 puerilis.
2483 3336 2621 3391 Hinc

1603 3414 1770 3469 Lilius
1805 3414 2074 3487 Gyraldus
2114 3417 2206 3471 lib.
2245 3417 2272 3469 1
2311 3415 2380 3471 de
2415 3418 2618 3489 poetis:

494 3492 696 3546 lianum
717 3506 794 3545 est
812 3492 905 3547 lib.
928 3492 1011 3545 IV
1024 3493 1215 3564 Georg.
1238 3496 1300 3545 6:
1325 3494 1425 3545 -In
1444 3506 1518 3545 te-
1605 3520 1630 3540 ·
1651 3494 1745 3547 Est
1762 3494 2221 3569 Technopoegnion
2251 3492 2434 3569 (apud
2451 3496 2620 3549 Auso·

494 3572 587 3625 nui
612 3570 792 3637 laben
830 3584 883 3625 at
902 3572 1078 3625 tenuis
1102 3590 1211 3625 non
1240 3572 1402 3643 gloria
1418 3610 1435 3637 ,
1470 3570 1516 3625 si
1606 3573 1754 3626 nium
1804 3573 2048 3643 Gallum)
2089 3574 2358 3629 ludicrum
2406 3575 2620 3647 quidem

494 3668 651 3723 quem
678 3650 907 3705 Numina
930 3652 1059 3706 laeva
1084 3651 1285 3716 sinunt,
1303 3663 1405 3705 etc.
1422 3676 1446 3695 -

1603 3670 1822 3724 poema,
1855 3672 2040 3707 verum
2077 3656 2242 3709 multa
2275 3666 2386 3709 arte
2411 3672 2624 3727 compo·

566 3732 639 3799 (¹5)
666 3729 912 3801 Tusact’es
928 3771 944 3793 ‚
970 3746 1025 3783 ue
1060 3734 1161 3783 sint
1184 3734 1392 3801 aliquid.
1432 3730 1518 3785 Sic
1606 3732 1764 3785 situm
1785 3757 1830 3785 ι».

1219 3938 1269 3949 fi—
