<?xml version="1.0" encoding="UTF-8"?>
<!DOCTYPE html PUBLIC "-//W3C//DTD XHTML 1.0 Transitional//EN"
    "http://www.w3.org/TR/xhtml1/DTD/xhtml1-transitional.dtd">
<html xmlns="http://www.w3.org/1999/xhtml" xml:lang="en" lang="en">
 <head>
  <title>
</title>
<meta http-equiv="Content-Type" content="text/html;charset=utf-8" />
  <meta name='ocr-system' content='tesseract 3.04.00' />
  <meta name='ocr-capabilities' content='ocr_page ocr_carea ocr_par ocr_line ocrx_word'/>
</head>
<body>
  <div class='ocr_page' id='page_1' title='image "./poetaelatinimin02unkngoog_0177.png"; bbox 0 0 2964 4690; ppageno 0'>
   <div class='ocr_carea' id='block_1_1' title="bbox 549 363 1893 436">
    <p class='ocr_par' dir='ltr' id='par_1_1' title="bbox 549 363 1893 436">
     <span class='ocr_line' id='line_1_1' title="bbox 549 363 1893 436; baseline 0.001 -4"><span class='ocrx_word' id='word_1_1' title='bbox 549 363 682 434; x_wconf 76' lang='lat'><strong>168</strong></span> <span class='ocrx_word' id='word_1_2' title='bbox 1309 365 1893 436; x_wconf 87' lang='lat' dir='ltr'><strong>EDITIONES</strong></span> 
     </span>
    </p>
   </div>
   <div class='ocr_carea' id='block_1_2' title="bbox 457 492 2665 2589">
    <p class='ocr_par' dir='ltr' id='par_1_2' title="bbox 457 492 2665 2589">
     <span class='ocr_line' id='line_1_2' title="bbox 537 492 2655 583; baseline 0.001 -25"><span class='ocrx_word' id='word_1_3' title='bbox 537 511 677 560; x_wconf 83' lang='lat' dir='ltr'><strong>trus</strong></span> <span class='ocrx_word' id='word_1_4' title='bbox 713 494 1002 559; x_wconf 76' lang='lat' dir='ltr'><strong>Pithoeus</strong></span> <span class='ocrx_word' id='word_1_5' title='bbox 1035 495 1208 558; x_wconf 86' lang='lat' dir='ltr'><strong>inter</strong></span> <span class='ocrx_word' id='word_1_6' title='bbox 1234 495 1708 583; x_wconf 82' lang='lat' dir='ltr'><strong>Epigrammata</strong></span> <span class='ocrx_word' id='word_1_7' title='bbox 1746 509 1813 557; x_wconf 84' lang='lat' dir='ltr'><strong>et</strong></span> <span class='ocrx_word' id='word_1_8' title='bbox 1852 492 2139 559; x_wconf 85' lang='lat' dir='ltr'><strong>Poemat.</strong></span> <span class='ocrx_word' id='word_1_9' title='bbox 2176 509 2388 558; x_wconf 85' lang='lat' dir='ltr'><strong>vetera</strong></span> <span class='ocrx_word' id='word_1_10' title='bbox 2405 543 2423 578; x_wconf 90' lang='lat'>,</span> <span class='ocrx_word' id='word_1_11' title='bbox 2456 494 2655 560; x_wconf 86' lang='lat' dir='ltr'><strong>Paris.</strong></span> 
     </span>
     <span class='ocr_line' id='line_1_3' title="bbox 544 598 2661 690; baseline 0.001 -27"><span class='ocrx_word' id='word_1_12' title='bbox 544 599 745 686; x_wconf 72' lang='lat'><strong>2590,</strong></span> <span class='ocrx_word' id='word_1_13' title='bbox 781 621 925 688; x_wconf 79' lang='lat' dir='ltr'><strong>pag.</strong></span> <span class='ocrx_word' id='word_1_14' title='bbox 961 601 1123 684; x_wconf 73' lang='lat'><strong>423,</strong></span> <span class='ocrx_word' id='word_1_15' title='bbox 1157 602 1350 690; x_wconf 87' lang='lat' dir='ltr'><strong>plane</strong></span> <span class='ocrx_word' id='word_1_16' title='bbox 1389 601 1476 664; x_wconf 89' lang='lat' dir='ltr'><strong>ita</strong></span> <span class='ocrx_word' id='word_1_17' title='bbox 1518 599 1841 688; x_wconf 76' lang='lat' dir='ltr'>inscripsit</span> <span class='ocrx_word' id='word_1_18' title='bbox 1872 615 1938 663; x_wconf 88' lang='lat' dir='ltr'><strong>et</strong></span> <span class='ocrx_word' id='word_1_19' title='bbox 1974 598 2346 690; x_wconf 75' lang='lat' dir='ltr'><strong>integravit,</strong></span> <span class='ocrx_word' id='word_1_20' title='bbox 2384 601 2484 664; x_wconf 80' lang='lat' dir='ltr'><strong>uti</strong></span> <span class='ocrx_word' id='word_1_21' title='bbox 2510 600 2661 665; x_wconf 92' lang='lat' dir='ltr'><strong>Pul-</strong></span> 
     </span>
     <span class='ocr_line' id='line_1_4' title="bbox 535 694 2662 787; baseline 0 -18"><span class='ocrx_word' id='word_1_22' title='bbox 535 727 813 770; x_wconf 85' lang='lat' dir='ltr'><strong>mannus</strong></span> <span class='ocrx_word' id='word_1_23' title='bbox 849 707 1102 771; x_wconf 79' lang='lat' dir='ltr'><strong>fecerat.</strong></span> <span class='ocrx_word' id='word_1_24' title='bbox 1133 709 1217 771; x_wconf 90' lang='lat' dir='ltr'><strong>Et</strong></span> <span class='ocrx_word' id='word_1_25' title='bbox 1245 707 1590 773; x_wconf 87' lang='lat' dir='ltr'><strong>Goldastus</strong></span> <span class='ocrx_word' id='word_1_26' title='bbox 1608 753 1629 787; x_wconf 85' lang='lat'><strong>,</strong></span> <span class='ocrx_word' id='word_1_27' title='bbox 1662 707 1830 770; x_wconf 73' lang='lat' dir='ltr'><strong>inter</strong></span> <span class='ocrx_word' id='word_1_28' title='bbox 1864 705 2077 771; x_wconf 80' lang='lat' dir='ltr'><strong>ovidii</strong></span> <span class='ocrx_word' id='word_1_29' title='bbox 2104 694 2361 770; x_wconf 58' lang='lat' dir='ltr'><strong>&#39;Erotim</strong></span> <span class='ocrx_word' id='word_1_30' title='bbox 2386 722 2451 771; x_wconf 87' lang='lat' dir='ltr'><strong>et</strong></span> <span class='ocrx_word' id='word_1_31' title='bbox 2470 709 2662 771; x_wconf 82' lang='lat' dir='ltr'><strong>Ama-</strong></span> 
     </span>
     <span class='ocr_line' id='line_1_5' title="bbox 532 811 2654 902; baseline 0.001 -29"><span class='ocrx_word' id='word_1_32' title='bbox 532 811 696 874; x_wconf 75' lang='lat' dir='ltr'><strong>toria</strong></span> <span class='ocrx_word' id='word_1_33' title='bbox 727 811 1054 900; x_wconf 86' lang='lat' dir='ltr'><strong>Opuscula</strong></span> <span class='ocrx_word' id='word_1_34' title='bbox 1075 859 1095 892; x_wconf 90' lang='lat'><strong><em>,</em></strong></span> <span class='ocrx_word' id='word_1_35' title='bbox 1133 812 1428 878; x_wconf 83' lang='lat' dir='ltr'><strong>Francos.</strong></span> <span class='ocrx_word' id='word_1_36' title='bbox 1470 812 1639 876; x_wconf 84' lang='lat'>1610</span> <span class='ocrx_word' id='word_1_37' title='bbox 1660 861 1680 892; x_wconf 91' lang='lat'>‚</span> <span class='ocrx_word' id='word_1_38' title='bbox 1719 833 1863 900; x_wconf 84' lang='lat' dir='ltr'><strong>pag.</strong></span> <span class='ocrx_word' id='word_1_39' title='bbox 1896 811 2017 894; x_wconf 76' lang='grc'><strong>48,</strong></span> <span class='ocrx_word' id='word_1_40' title='bbox 2048 827 2297 876; x_wconf 84' lang='lat' dir='ltr'><strong>textum</strong></span> <span class='ocrx_word' id='word_1_41' title='bbox 2327 811 2654 902; x_wconf 86' lang='lat' dir='ltr'><strong>integrum</strong></span> 
     </span>
     <span class='ocr_line' id='line_1_6' title="bbox 532 916 2665 1001; baseline 0.002 -21"><span class='ocrx_word' id='word_1_42' title='bbox 532 917 900 992; x_wconf 80' lang='lat' dir='ltr'><strong>Maximiani</strong></span> <span class='ocrx_word' id='word_1_43' title='bbox 927 917 1106 982; x_wconf 81' lang='lat' dir='ltr'><strong>dedit</strong></span> <span class='ocrx_word' id='word_1_44' title='bbox 1125 969 1143 1001; x_wconf 90' lang='lat'>‚</span> <span class='ocrx_word' id='word_1_45' title='bbox 1179 916 1293 983; x_wconf 87' lang='lat' dir='ltr'><strong>sed</strong></span> <span class='ocrx_word' id='word_1_46' title='bbox 1327 918 1450 982; x_wconf 89' lang='lat' dir='ltr'><strong>sub</strong></span> <span class='ocrx_word' id='word_1_47' title='bbox 1481 917 1749 982; x_wconf 85' lang='lat' dir='ltr'><strong>nomine</strong></span> <span class='ocrx_word' id='word_1_48' title='bbox 1776 917 2049 982; x_wconf 73' lang='lat' dir='ltr'><strong>Cornelii</strong></span> <span class='ocrx_word' id='word_1_49' title='bbox 2068 917 2463 982; x_wconf 54' lang='lat' dir='ltr'><strong>Maxima-mi</strong></span> <span class='ocrx_word' id='word_1_50' title='bbox 2480 917 2665 984; x_wconf 81' lang='lat' dir='ltr'><strong>Galli</strong></span> 
     </span>
     <span class='ocr_line' id='line_1_7' title="bbox 531 1016 2655 1112; baseline 0.001 -26"><span class='ocrx_word' id='word_1_51' title='bbox 531 1025 817 1097; x_wconf 76' lang='lat' dir='ltr'><strong>Etrusci,</strong></span> <span class='ocrx_word' id='word_1_52' title='bbox 847 1023 1026 1111; x_wconf 87' lang='lat' dir='ltr'><strong>quod</strong></span> <span class='ocrx_word' id='word_1_53' title='bbox 1047 1024 1154 1088; x_wconf 91' lang='lat' dir='ltr'><strong>ille</strong></span> <span class='ocrx_word' id='word_1_54' title='bbox 1177 1025 1244 1087; x_wconf 93' lang='lat' dir='ltr'><strong>in</strong></span> <span class='ocrx_word' id='word_1_55' title='bbox 1275 1023 1724 1111; x_wconf 79' lang='lat' dir='ltr'><strong>manuscriptis</strong></span> <span class='ocrx_word' id='word_1_56' title='bbox 1746 1016 2080 1087; x_wconf 81' lang='lat' dir='ltr'><strong>codicibus</strong></span> <span class='ocrx_word' id='word_1_57' title='bbox 2102 1023 2228 1112; x_wconf 85' lang='lat' dir='ltr'><strong>legi</strong></span> <span class='ocrx_word' id='word_1_58' title='bbox 2252 1023 2655 1108; x_wconf 78' lang='lat' dir='ltr'><strong>existimavit,</strong></span> 
     </span>
     <span class='ocr_line' id='line_1_8' title="bbox 531 1121 2654 1215; baseline 0.002 -25"><span class='ocrx_word' id='word_1_59' title='bbox 531 1149 653 1215; x_wconf 86' lang='lat' dir='ltr'><strong>ego</strong></span> <span class='ocrx_word' id='word_1_60' title='bbox 707 1150 932 1192; x_wconf 84' lang='lat' dir='ltr'><strong>verum</strong></span> <span class='ocrx_word' id='word_1_61' title='bbox 981 1149 1116 1191; x_wconf 89' lang='lat' dir='ltr'><strong>non</strong></span> <span class='ocrx_word' id='word_1_62' title='bbox 1166 1145 1350 1215; x_wconf 86' lang='lat' dir='ltr'><strong>puto.</strong></span> <span class='ocrx_word' id='word_1_63' title='bbox 1395 1128 1753 1214; x_wconf 85' lang='lat' dir='ltr'><strong>Sequentes</strong></span> <span class='ocrx_word' id='word_1_64' title='bbox 1800 1126 2111 1210; x_wconf 79' lang='lat' dir='ltr'><strong>editores,</strong></span> <span class='ocrx_word' id='word_1_65' title='bbox 2148 1127 2345 1192; x_wconf 85' lang='lat' dir='ltr'><strong>semel</strong></span> <span class='ocrx_word' id='word_1_66' title='bbox 2380 1121 2612 1194; x_wconf 80' lang='lat' dir='ltr'><strong>moniti</strong></span> <span class='ocrx_word' id='word_1_67' title='bbox 2630 1177 2654 1210; x_wconf 89' lang='lat'><strong>,</strong></span> 
     </span>
     <span class='ocr_line' id='line_1_9' title="bbox 530 1231 2657 1321; baseline 0 -26"><span class='ocrx_word' id='word_1_68' title='bbox 530 1231 998 1314; x_wconf 73' lang='lat' dir='ltr'><strong>Maximianum</strong></span> <span class='ocrx_word' id='word_1_69' title='bbox 1015 1233 1396 1297; x_wconf 87' lang='lat' dir='ltr'><strong>Triumviris</strong></span> <span class='ocrx_word' id='word_1_70' title='bbox 1420 1234 1627 1321; x_wconf 89' lang='lat' dir='ltr'><strong>poetis</strong></span> <span class='ocrx_word' id='word_1_71' title='bbox 1654 1231 2077 1321; x_wconf 83' lang='lat' dir='ltr'><strong>adjungentes</strong></span> <span class='ocrx_word' id='word_1_72' title='bbox 2097 1279 2115 1314; x_wconf 92' lang='lat'>‚</span> <span class='ocrx_word' id='word_1_73' title='bbox 2138 1233 2522 1321; x_wconf 87' lang='lat' dir='ltr'><strong>plerumque</strong></span> <span class='ocrx_word' id='word_1_74' title='bbox 2548 1233 2657 1296; x_wconf 90' lang='lat' dir='ltr'><strong>in-</strong></span> 
     </span>
     <span class='ocr_line' id='line_1_10' title="bbox 530 1334 2659 1426; baseline 0.001 -26"><span class='ocrx_word' id='word_1_75' title='bbox 530 1337 825 1402; x_wconf 86' lang='lat' dir='ltr'><strong>scribunt</strong></span> <span class='ocrx_word' id='word_1_76' title='bbox 857 1337 978 1401; x_wconf 83' lang='lat' dir='ltr'><strong>hac</strong></span> <span class='ocrx_word' id='word_1_77' title='bbox 1008 1337 1288 1402; x_wconf 85' lang='lat' dir='ltr'><strong>formula</strong></span> <span class='ocrx_word' id='word_1_78' title='bbox 1315 1359 1331 1400; x_wconf 71' lang='grc' dir='ltr'><strong><em>ε</em></strong></span> <span class='ocrx_word' id='word_1_79' title='bbox 1369 1337 1482 1402; x_wconf 78' lang='lat' dir='ltr'><strong>Cn.</strong></span> <span class='ocrx_word' id='word_1_80' title='bbox 1523 1337 1799 1403; x_wconf 75' lang='lat' dir='ltr'><strong>Cornelii</strong></span> <span class='ocrx_word' id='word_1_81' title='bbox 1824 1334 2008 1401; x_wconf 74' lang='lat' dir='ltr'><strong>Galli</strong></span> <span class='ocrx_word' id='word_1_82' title='bbox 2019 1385 2039 1416; x_wconf 88' lang='lat'>‚</span> <span class='ocrx_word' id='word_1_83' title='bbox 2070 1337 2409 1426; x_wconf 75' lang='lat' dir='ltr'><strong>velpotius</strong></span> <span class='ocrx_word' id='word_1_84' title='bbox 2433 1339 2659 1402; x_wconf 72' lang='lat' dir='ltr'><strong>Maxi-</strong></span> 
     </span>
     <span class='ocr_line' id='line_1_11' title="bbox 457 1423 2658 1530; baseline 0.001 -25"><span class='ocrx_word' id='word_1_85' title='bbox 457 1423 464 1434; x_wconf 61' lang='grc'><strong><em>’</em></strong></span> <span class='ocrx_word' id='word_1_86' title='bbox 529 1444 767 1520; x_wconf 77' lang='lat' dir='ltr'><strong>miani,</strong></span> <span class='ocrx_word' id='word_1_87' title='bbox 817 1443 1192 1529; x_wconf 76' lang='lat' dir='ltr'><strong>Elegiae-um</strong></span> <span class='ocrx_word' id='word_1_88' title='bbox 1229 1441 1476 1506; x_wconf 71' lang='lat' dir='ltr'><strong>libellus</strong></span> <span class='ocrx_word' id='word_1_89' title='bbox 1518 1438 1895 1530; x_wconf 88' lang='lat' dir='ltr'><strong>(quomodo</strong></span> <span class='ocrx_word' id='word_1_90' title='bbox 1926 1443 2225 1524; x_wconf 77' lang='lat' dir='ltr'><strong>invenio,</strong></span> <span class='ocrx_word' id='word_1_91' title='bbox 2258 1444 2325 1506; x_wconf 89' lang='lat' dir='ltr'><strong>in</strong></span> <span class='ocrx_word' id='word_1_92' title='bbox 2366 1465 2471 1524; x_wconf 89' lang='lat' dir='ltr'><strong>ea,</strong></span> <span class='ocrx_word' id='word_1_93' title='bbox 2508 1465 2658 1530; x_wconf 79' lang='lat' dir='ltr'><strong>quae</strong></span> 
     </span>
     <span class='ocr_line' id='line_1_12' title="bbox 530 1543 2655 1636; baseline 0 -24"><span class='ocrx_word' id='word_1_94' title='bbox 530 1548 858 1636; x_wconf 82' lang='lat' dir='ltr'><strong>Brageraci</strong></span> <span class='ocrx_word' id='word_1_95' title='bbox 895 1569 1068 1611; x_wconf 88' lang='lat' dir='ltr'><strong>anno</strong></span> <span class='ocrx_word' id='word_1_96' title='bbox 1115 1549 1226 1611; x_wconf 87' lang='lat'><strong>161</strong></span> <span class='ocrx_word' id='word_1_97' title='bbox 1245 1571 1269 1610; x_wconf 89' lang='lat'>1</span> <span class='ocrx_word' id='word_1_98' title='bbox 1324 1545 1567 1634; x_wconf 87' lang='lat' dir='ltr'><strong>prodiit</strong></span> <span class='ocrx_word' id='word_1_99' title='bbox 1586 1546 1649 1632; x_wconf 91' lang='lat'><strong>);</strong></span> <span class='ocrx_word' id='word_1_100' title='bbox 1686 1544 1881 1632; x_wconf 89' lang='lat' dir='ltr'><strong>idque</strong></span> <span class='ocrx_word' id='word_1_101' title='bbox 1913 1547 2041 1611; x_wconf 90' lang='lat' dir='ltr'><strong>hoc</strong></span> <span class='ocrx_word' id='word_1_102' title='bbox 2067 1543 2433 1636; x_wconf 84' lang='lat' dir='ltr'><strong>diligentius</strong></span> <span class='ocrx_word' id='word_1_103' title='bbox 2462 1547 2547 1612; x_wconf 88' lang='lat' dir='ltr'><strong>ab</strong></span> <span class='ocrx_word' id='word_1_104' title='bbox 2572 1548 2655 1612; x_wconf 86' lang='lat' dir='ltr'><strong>iis</strong></span> 
     </span>
     <span class='ocr_line' id='line_1_13' title="bbox 529 1651 2653 1739; baseline 0.001 -23"><span class='ocrx_word' id='word_1_105' title='bbox 529 1652 916 1716; x_wconf 83' lang='lat' dir='ltr'><strong>servandum</strong></span> <span class='ocrx_word' id='word_1_106' title='bbox 955 1653 1078 1714; x_wconf 85' lang='lat' dir='ltr'><strong>fuit</strong></span> <span class='ocrx_word' id='word_1_107' title='bbox 1097 1701 1114 1732; x_wconf 89' lang='lat'>,</span> <span class='ocrx_word' id='word_1_108' title='bbox 1151 1667 1497 1739; x_wconf 83' lang='lat' dir='ltr'><strong>postquam</strong></span> <span class='ocrx_word' id='word_1_109' title='bbox 1538 1653 1605 1714; x_wconf 90' lang='lat' dir='ltr'><strong>in</strong></span> <span class='ocrx_word' id='word_1_110' title='bbox 1656 1651 1940 1716; x_wconf 85' lang='lat' dir='ltr'><strong>editione</strong></span> <span class='ocrx_word' id='word_1_111' title='bbox 1976 1653 2363 1716; x_wconf 80' lang='lat' dir='ltr'><strong>Hanoviensi</strong></span> <span class='ocrx_word' id='word_1_112' title='bbox 2388 1702 2405 1734; x_wconf 92' lang='lat'>,</span> <span class='ocrx_word' id='word_1_113' title='bbox 2446 1653 2609 1718; x_wconf 83' lang='lat'><strong>1608</strong></span> <span class='ocrx_word' id='word_1_114' title='bbox 2630 1703 2653 1736; x_wconf 88' lang='lat'><strong>,</strong></span> 
     </span>
     <span class='ocr_line' id='line_1_14' title="bbox 527 1756 2656 1846; baseline 0.001 -24"><span class='ocrx_word' id='word_1_115' title='bbox 527 1757 904 1822; x_wconf 84' lang='lat' dir='ltr'><strong>Triumviris</strong></span> <span class='ocrx_word' id='word_1_116' title='bbox 947 1759 1156 1845; x_wconf 90' lang='lat' dir='ltr'><strong>poetis</strong></span> <span class='ocrx_word' id='word_1_117' title='bbox 1177 1808 1194 1839; x_wconf 90' lang='lat'>,</span> <span class='ocrx_word' id='word_1_118' title='bbox 1245 1757 1474 1846; x_wconf 75' lang='lat' dir='ltr'><strong>p&#39;raeter</strong></span> <span class='ocrx_word' id='word_1_119' title='bbox 1504 1756 1718 1823; x_wconf 88' lang='lat' dir='ltr'><strong>adhuc</strong></span> <span class='ocrx_word' id='word_1_120' title='bbox 1748 1757 2019 1822; x_wconf 83' lang='lat' dir='ltr'><strong>creditas</strong></span> <span class='ocrx_word' id='word_1_121' title='bbox 2062 1761 2255 1824; x_wconf 85' lang='lat' dir='ltr'><strong>Corn.</strong></span> <span class='ocrx_word' id='word_1_122' title='bbox 2300 1758 2465 1824; x_wconf 85' lang='lat' dir='ltr'><strong>Galli</strong></span> <span class='ocrx_word' id='word_1_123' title='bbox 2506 1759 2656 1824; x_wconf 88' lang='lat' dir='ltr'><strong>Ele·-</strong></span> 
     </span>
     <span class='ocr_line' id='line_1_15' title="bbox 528 1859 2655 1952; baseline 0.001 -26"><span class='ocrx_word' id='word_1_124' title='bbox 528 1864 662 1952; x_wconf 86' lang='lat' dir='ltr'><strong>gias</strong></span> <span class='ocrx_word' id='word_1_125' title='bbox 679 1911 700 1944; x_wconf 88' lang='lat'>,</span> <span class='ocrx_word' id='word_1_126' title='bbox 727 1863 845 1926; x_wconf 89' lang='lat' dir='ltr'><strong>alia</strong></span> <span class='ocrx_word' id='word_1_127' title='bbox 871 1863 994 1926; x_wconf 87' lang='lat' dir='ltr'><strong>sub</strong></span> <span class='ocrx_word' id='word_1_128' title='bbox 1023 1863 1225 1928; x_wconf 84' lang='lat' dir='ltr'><strong>Asinii</strong></span> <span class='ocrx_word' id='word_1_129' title='bbox 1260 1862 1547 1928; x_wconf 84' lang='lat' dir='ltr'><strong>Cornelii</strong></span> <span class='ocrx_word' id='word_1_130' title='bbox 1586 1864 1749 1928; x_wconf 87' lang='lat' dir='ltr'><strong>Galli</strong></span> <span class='ocrx_word' id='word_1_131' title='bbox 1774 1864 2039 1928; x_wconf 87' lang='lat' dir='ltr'><strong>nomine</strong></span> <span class='ocrx_word' id='word_1_132' title='bbox 2060 1859 2333 1928; x_wconf 81' lang='lat' dir='ltr'><strong>ab&#39;Aldo</strong></span> <span class='ocrx_word' id='word_1_133' title='bbox 2354 1861 2655 1929; x_wconf 84' lang='lat' dir='ltr'><strong>Manutio</strong></span> 
     </span>
     <span class='ocr_line' id='line_1_16' title="bbox 527 1967 2655 2056; baseline 0.002 -25"><span class='ocrx_word' id='word_1_134' title='bbox 527 1967 782 2056; x_wconf 85' lang='lat' dir='ltr'><strong>prodita</strong></span> <span class='ocrx_word' id='word_1_135' title='bbox 831 1970 1092 2033; x_wconf 85' lang='lat' dir='ltr'><strong>accessit</strong></span> <span class='ocrx_word' id='word_1_136' title='bbox 1118 2017 1136 2050; x_wconf 86' lang='lat'>,</span> <span class='ocrx_word' id='word_1_137' title='bbox 1183 1985 1249 2032; x_wconf 84' lang='lat' dir='ltr'><strong>et</strong></span> <span class='ocrx_word' id='word_1_138' title='bbox 1288 1991 1460 2032; x_wconf 88' lang='lat' dir='ltr'><strong>unus</strong></span> <span class='ocrx_word' id='word_1_139' title='bbox 1506 1971 1704 2033; x_wconf 88' lang='lat' dir='ltr'><strong>Corn.</strong></span> <span class='ocrx_word' id='word_1_140' title='bbox 1750 1968 1969 2034; x_wconf 81' lang='lat' dir='ltr'><strong>Gallus</strong></span> <span class='ocrx_word' id='word_1_141' title='bbox 2014 1971 2275 2056; x_wconf 86' lang='lat' dir='ltr'><strong>spurius</strong></span> <span class='ocrx_word' id='word_1_142' title='bbox 2319 1969 2401 2034; x_wconf 89' lang='lat' dir='ltr'><strong>ab</strong></span> <span class='ocrx_word' id='word_1_143' title='bbox 2448 1971 2655 2035; x_wconf 85' lang='lat' dir='ltr'><strong>altero</strong></span> 
     </span>
     <span class='ocr_line' id='line_1_17' title="bbox 528 2071 2653 2164; baseline 0.002 -28"><span class='ocrx_word' id='word_1_144' title='bbox 528 2071 992 2138; x_wconf 85' lang='lat' dir='ltr'><strong>discernendus</strong></span> <span class='ocrx_word' id='word_1_145' title='bbox 1017 2075 1160 2136; x_wconf 82' lang='lat' dir='ltr'><strong>fuit.</strong></span> <span class='ocrx_word' id='word_1_146' title='bbox 1182 2075 1260 2136; x_wconf 87' lang='lat' dir='ltr'><strong>In</strong></span> <span class='ocrx_word' id='word_1_147' title='bbox 1277 2073 1603 2161; x_wconf 85' lang='lat' dir='ltr'><strong>plerisque</strong></span> <span class='ocrx_word' id='word_1_148' title='bbox 1620 2090 1838 2139; x_wconf 86' lang='lat' dir='ltr'><strong>autem</strong></span> <span class='ocrx_word' id='word_1_149' title='bbox 1858 2074 2035 2137; x_wconf 88' lang='lat' dir='ltr'><strong>hisce</strong></span> <span class='ocrx_word' id='word_1_150' title='bbox 2056 2072 2446 2139; x_wconf 84' lang='lat' dir='ltr'><strong>editionibus</strong></span> <span class='ocrx_word' id='word_1_151' title='bbox 2462 2075 2653 2164; x_wconf 87' lang='lat' dir='ltr'><strong>plane</strong></span> 
     </span>
     <span class='ocr_line' id='line_1_18' title="bbox 526 2175 2652 2270; baseline 0.001 -28"><span class='ocrx_word' id='word_1_152' title='bbox 526 2179 896 2242; x_wconf 88' lang='lat' dir='ltr'><strong>mirandum</strong></span> <span class='ocrx_word' id='word_1_153' title='bbox 939 2195 1069 2261; x_wconf 87' lang='lat' dir='ltr'><strong>est,</strong></span> <span class='ocrx_word' id='word_1_154' title='bbox 1116 2180 1408 2267; x_wconf 84' lang='lat' dir='ltr'><strong>quamvis</strong></span> <span class='ocrx_word' id='word_1_155' title='bbox 1454 2180 1789 2269; x_wconf 75' lang='lat' dir='ltr'><strong>inscriptio</strong></span> <span class='ocrx_word' id='word_1_156' title='bbox 1816 2179 2180 2270; x_wconf 82' lang='lat' dir='ltr'><strong>Elegiarum</strong></span> <span class='ocrx_word' id='word_1_157' title='bbox 2220 2178 2303 2244; x_wconf 84' lang='lat' dir='ltr'><strong>de</strong></span> <span class='ocrx_word' id='word_1_158' title='bbox 2338 2203 2491 2245; x_wconf 84' lang='lat' dir='ltr'><strong>vero</strong></span> <span class='ocrx_word' id='word_1_159' title='bbox 2528 2175 2652 2246; x_wconf 82' lang='lat' dir='ltr'><strong>au-</strong></span> 
     </span>
     <span class='ocr_line' id='line_1_19' title="bbox 527 2284 2651 2374; baseline 0.002 -26"><span class='ocrx_word' id='word_1_160' title='bbox 527 2301 704 2348; x_wconf 84' lang='lat' dir='ltr'><strong>ctore</strong></span> <span class='ocrx_word' id='word_1_161' title='bbox 725 2284 1114 2349; x_wconf 83' lang='lat' dir='ltr'><strong>Maximiano</strong></span> <span class='ocrx_word' id='word_1_162' title='bbox 1137 2301 1397 2349; x_wconf 85' lang='lat' dir='ltr'><strong>moneat</strong></span> <span class='ocrx_word' id='word_1_163' title='bbox 1415 2333 1435 2369; x_wconf 85' lang='lat'>‚</span> <span class='ocrx_word' id='word_1_164' title='bbox 1467 2285 1680 2374; x_wconf 87' lang='lat' dir='ltr'><strong>ipsum</strong></span> <span class='ocrx_word' id='word_1_165' title='bbox 1712 2285 1997 2351; x_wconf 88' lang='lat' dir='ltr'><strong>libellum</strong></span> <span class='ocrx_word' id='word_1_166' title='bbox 2028 2300 2243 2350; x_wconf 87' lang='lat' dir='ltr'><strong>tamen</strong></span> <span class='ocrx_word' id='word_1_167' title='bbox 2268 2285 2351 2350; x_wconf 92' lang='lat' dir='ltr'><strong>ad</strong></span> <span class='ocrx_word' id='word_1_168' title='bbox 2371 2285 2651 2352; x_wconf 83' lang='lat' dir='ltr'><strong>formam</strong></span> 
     </span>
     <span class='ocr_line' id='line_1_20' title="bbox 525 2390 2651 2475; baseline 0.003 -24"><span class='ocrx_word' id='word_1_169' title='bbox 525 2406 592 2452; x_wconf 82' lang='lat' dir='ltr'><strong>et</strong></span> <span class='ocrx_word' id='word_1_170' title='bbox 634 2390 1076 2475; x_wconf 74' lang='lat' dir='ltr'><strong>recensionem</strong></span> <span class='ocrx_word' id='word_1_171' title='bbox 1121 2390 1378 2455; x_wconf 78' lang='lat' dir='ltr'><strong>Gaui-ici</strong></span> <span class='ocrx_word' id='word_1_172' title='bbox 1423 2392 1655 2455; x_wconf 84' lang='lat' dir='ltr'><strong>falsarii</strong></span> <span class='ocrx_word' id='word_1_173' title='bbox 1696 2390 1870 2473; x_wconf 86' lang='lat' dir='ltr'><strong>dari,</strong></span> <span class='ocrx_word' id='word_1_174' title='bbox 1912 2408 1979 2455; x_wconf 87' lang='lat' dir='ltr'><strong>et</strong></span> <span class='ocrx_word' id='word_1_175' title='bbox 2018 2414 2151 2455; x_wconf 89' lang='lat' dir='ltr'><strong>non</strong></span> <span class='ocrx_word' id='word_1_176' title='bbox 2192 2392 2405 2456; x_wconf 87' lang='lat' dir='ltr'><strong>solum</strong></span> <span class='ocrx_word' id='word_1_177' title='bbox 2449 2393 2651 2459; x_wconf 79' lang='lat' dir='ltr'><strong>vitam</strong></span> 
     </span>
     <span class='ocr_line' id='line_1_21' title="bbox 524 2496 2651 2589; baseline 0.002 -30"><span class='ocrx_word' id='word_1_178' title='bbox 524 2496 688 2559; x_wconf 88' lang='lat' dir='ltr'><strong>Galli</strong></span> <span class='ocrx_word' id='word_1_179' title='bbox 731 2520 768 2559; x_wconf 89' lang='lat' dir='ltr'><strong>a</strong></span> <span class='ocrx_word' id='word_1_180' title='bbox 813 2497 1095 2561; x_wconf 87' lang='lat' dir='ltr'><strong>Gaurico</strong></span> <span class='ocrx_word' id='word_1_181' title='bbox 1144 2498 1444 2585; x_wconf 73' lang='lat' dir='ltr'><strong>scriptam</strong></span> <span class='ocrx_word' id='word_1_182' title='bbox 1468 2548 1486 2575; x_wconf 84' lang='lat'>‚</span> <span class='ocrx_word' id='word_1_183' title='bbox 1530 2521 1674 2586; x_wconf 81' lang='lat' dir='ltr'><strong>quae</strong></span> <span class='ocrx_word' id='word_1_184' title='bbox 1708 2498 2101 2563; x_wconf 82' lang='lat' dir='ltr'><strong>Maximiano</strong></span> <span class='ocrx_word' id='word_1_185' title='bbox 2136 2496 2439 2589; x_wconf 85' lang='lat' dir='ltr'><strong>abrogat,</strong></span> <span class='ocrx_word' id='word_1_186' title='bbox 2486 2522 2651 2589; x_wconf 77' lang='lat' dir='ltr'><strong>prae-</strong></span> 
     </span>
    </p>
   </div>
   <div class='ocr_carea' id='block_1_3' title="bbox 416 2600 2653 2691">
    <p class='ocr_par' dir='ltr' id='par_1_3' title="bbox 416 2600 2653 2691">
     <span class='ocr_line' id='line_1_22' title="bbox 416 2600 2653 2691; baseline 0.002 -26"><span class='ocrx_word' id='word_1_187' title='bbox 416 2622 438 2635; x_wconf 76' lang='lat'><strong>·</strong></span> <span class='ocrx_word' id='word_1_188' title='bbox 522 2602 716 2689; x_wconf 90' lang='lat' dir='ltr'><strong>poni,</strong></span> <span class='ocrx_word' id='word_1_189' title='bbox 761 2600 873 2665; x_wconf 87' lang='lat' dir='ltr'><strong>sed</strong></span> <span class='ocrx_word' id='word_1_190' title='bbox 908 2603 1100 2665; x_wconf 87' lang='lat' dir='ltr'><strong>etiam</strong></span> <span class='ocrx_word' id='word_1_191' title='bbox 1144 2619 1400 2667; x_wconf 81' lang='lat' dir='ltr'><strong>caeteras</strong></span> <span class='ocrx_word' id='word_1_192' title='bbox 1437 2603 1885 2691; x_wconf 83' lang='lat' dir='ltr'><strong>corruptiones</strong></span> <span class='ocrx_word' id='word_1_193' title='bbox 1930 2604 1997 2667; x_wconf 89' lang='lat' dir='ltr'><strong>in</strong></span> <span class='ocrx_word' id='word_1_194' title='bbox 2044 2620 2223 2669; x_wconf 79' lang='lat' dir='ltr'><strong>texto</strong></span> <span class='ocrx_word' id='word_1_195' title='bbox 2262 2606 2457 2670; x_wconf 84' lang='lat' dir='ltr'><strong>factas</strong></span> <span class='ocrx_word' id='word_1_196' title='bbox 2502 2606 2653 2669; x_wconf 88' lang='lat' dir='ltr'><strong>reti-</strong></span> 
     </span>
    </p>
   </div>
   <div class='ocr_carea' id='block_1_4' title="bbox 515 2707 2651 3643">
    <p class='ocr_par' dir='ltr' id='par_1_4' title="bbox 515 2707 2651 3643">
     <span class='ocr_line' id='line_1_23' title="bbox 523 2707 2651 2798; baseline 0.002 -29"><span class='ocrx_word' id='word_1_197' title='bbox 523 2707 682 2772; x_wconf 85' lang='lat' dir='ltr'><strong>neri.</strong></span> <span class='ocrx_word' id='word_1_198' title='bbox 716 2707 821 2771; x_wconf 87' lang='lat' dir='ltr'><strong>Sic</strong></span> <span class='ocrx_word' id='word_1_199' title='bbox 845 2707 1088 2773; x_wconf 82' lang='lat' dir='ltr'><strong>factum</strong></span> <span class='ocrx_word' id='word_1_200' title='bbox 1116 2707 1304 2771; x_wconf 81' lang='lat' dir='ltr'><strong>video</strong></span> <span class='ocrx_word' id='word_1_201' title='bbox 1335 2709 1402 2771; x_wconf 90' lang='lat' dir='ltr'><strong>in</strong></span> <span class='ocrx_word' id='word_1_202' title='bbox 1435 2708 1729 2797; x_wconf 88' lang='lat' dir='ltr'><strong>exemplo</strong></span> <span class='ocrx_word' id='word_1_203' title='bbox 1766 2708 1997 2773; x_wconf 88' lang='lat' dir='ltr'><strong>Catulli</strong></span> <span class='ocrx_word' id='word_1_204' title='bbox 2017 2758 2036 2791; x_wconf 90' lang='lat'>,</span> <span class='ocrx_word' id='word_1_205' title='bbox 2066 2709 2213 2774; x_wconf 90' lang='lat' dir='ltr'><strong>Tib.</strong></span> <span class='ocrx_word' id='word_1_206' title='bbox 2246 2710 2439 2798; x_wconf 85' lang='lat' dir='ltr'><strong>Prop.</strong></span> <span class='ocrx_word' id='word_1_207' title='bbox 2464 2709 2651 2798; x_wconf 82' lang='lat' dir='ltr'><strong>quod</strong></span> 
     </span>
     <span class='ocr_line' id='line_1_24' title="bbox 520 2812 2651 2902; baseline 0 -21"><span class='ocrx_word' id='word_1_208' title='bbox 520 2835 718 2902; x_wconf 82' lang='lat' dir='ltr'><strong>opera</strong></span> <span class='ocrx_word' id='word_1_209' title='bbox 747 2814 886 2877; x_wconf 74' lang='lat' dir='ltr'><strong>lani</strong></span> <span class='ocrx_word' id='word_1_210' title='bbox 924 2812 1256 2879; x_wconf 85' lang='lat' dir='ltr'><strong>Gebhardi</strong></span> <span class='ocrx_word' id='word_1_211' title='bbox 1275 2862 1294 2895; x_wconf 89' lang='lat'>,</span> <span class='ocrx_word' id='word_1_212' title='bbox 1327 2838 1477 2878; x_wconf 90' lang='lat' dir='ltr'><strong>cum</strong></span> <span class='ocrx_word' id='word_1_213' title='bbox 1512 2815 1683 2878; x_wconf 88' lang='lat' dir='ltr'><strong>notis</strong></span> <span class='ocrx_word' id='word_1_214' title='bbox 1718 2817 1856 2902; x_wconf 84' lang='lat' dir='ltr'><strong>ejus</strong></span> <span class='ocrx_word' id='word_1_215' title='bbox 1890 2832 1957 2879; x_wconf 90' lang='lat' dir='ltr'><strong>et</strong></span> <span class='ocrx_word' id='word_1_216' title='bbox 1985 2814 2201 2880; x_wconf 84' lang='lat' dir='ltr'><strong>indice</strong></span> <span class='ocrx_word' id='word_1_217' title='bbox 2233 2816 2479 2881; x_wconf 88' lang='lat' dir='ltr'><strong>Horatii</strong></span> <span class='ocrx_word' id='word_1_218' title='bbox 2510 2816 2651 2881; x_wconf 88' lang='lat' dir='ltr'><strong>Tu·-</strong></span> 
     </span>
     <span class='ocr_line' id='line_1_25' title="bbox 521 2918 2642 3009; baseline 0.002 -24"><span class='ocrx_word' id='word_1_219' title='bbox 521 2920 808 2985; x_wconf 81' lang='lat' dir='ltr'><strong>scanellae</strong></span> <span class='ocrx_word' id='word_1_220' title='bbox 825 2918 1073 2985; x_wconf 88' lang='lat' dir='ltr'><strong>editum</strong></span> <span class='ocrx_word' id='word_1_221' title='bbox 1089 2937 1188 2985; x_wconf 90' lang='lat' dir='ltr'><strong>est</strong></span> <span class='ocrx_word' id='word_1_222' title='bbox 1208 2921 1537 3002; x_wconf 81' lang='lat' dir='ltr'><strong>Hanoviae,</strong></span> <span class='ocrx_word' id='word_1_223' title='bbox 1568 2920 1679 2985; x_wconf 81' lang='lat'><strong>161</strong></span> <span class='ocrx_word' id='word_1_224' title='bbox 1692 2922 1731 2985; x_wconf 88' lang='lat'>8</span> <span class='ocrx_word' id='word_1_225' title='bbox 1746 2968 1765 3001; x_wconf 89' lang='lat'>‚</span> <span class='ocrx_word' id='word_1_226' title='bbox 1784 2921 1946 3004; x_wconf 82' lang='lat' dir='ltr'><strong>in-83</strong></span> <span class='ocrx_word' id='word_1_227' title='bbox 1966 2922 2331 3009; x_wconf 87' lang='lat' dir='ltr'><strong>iterumque</strong></span> <span class='ocrx_word' id='word_1_228' title='bbox 2348 2923 2642 2991; x_wconf 78' lang='lat' dir='ltr'><strong>Francos.</strong></span> 
     </span>
     <span class='ocr_line' id='line_1_26' title="bbox 532 3024 2647 3111; baseline 0 -20"><span class='ocrx_word' id='word_1_229' title='bbox 532 3026 689 3091; x_wconf 79' lang='lat'><em>1621</em></span> <span class='ocrx_word' id='word_1_230' title='bbox 716 3072 735 3107; x_wconf 85' lang='lat'>‚</span> <span class='ocrx_word' id='word_1_231' title='bbox 765 3027 919 3089; x_wconf 62' lang='lat' dir='ltr'><strong>iii-8.</strong></span> <span class='ocrx_word' id='word_1_232' title='bbox 952 3026 1178 3095; x_wconf 79' lang='lat' dir='ltr'><strong>Plures</strong></span> <span class='ocrx_word' id='word_1_233' title='bbox 1210 3026 1346 3089; x_wconf 79' lang='lat' dir='ltr'><strong>aliae</strong></span> <span class='ocrx_word' id='word_1_234' title='bbox 1373 3024 1688 3089; x_wconf 84' lang='lat' dir='ltr'><strong>editiones</strong></span> <span class='ocrx_word' id='word_1_235' title='bbox 1720 3024 2007 3106; x_wconf 89' lang='lat' dir='ltr'><strong>ejusdem</strong></span> <span class='ocrx_word' id='word_1_236' title='bbox 2031 3042 2201 3091; x_wconf 79' lang='lat' dir='ltr'><strong>notae</strong></span> <span class='ocrx_word' id='word_1_237' title='bbox 2224 3026 2428 3091; x_wconf 72' lang='lat' dir='ltr'><strong>obvi-‘e</strong></span> <span class='ocrx_word' id='word_1_238' title='bbox 2449 3044 2647 3111; x_wconf 90' lang='lat' dir='ltr'><strong>sunt,</strong></span> 
     </span>
     <span class='ocr_line' id='line_1_27' title="bbox 520 3130 2651 3217; baseline 0.002 -24"><span class='ocrx_word' id='word_1_239' title='bbox 520 3152 665 3217; x_wconf 73' lang='lat' dir='ltr'><strong>qua·</strong></span> <span class='ocrx_word' id='word_1_240' title='bbox 695 3154 732 3193; x_wconf 88' lang='lat' dir='ltr'><strong>a</strong></span> <span class='ocrx_word' id='word_1_241' title='bbox 768 3132 1058 3217; x_wconf 82' lang='lat' dir='ltr'><strong>priorum</strong></span> <span class='ocrx_word' id='word_1_242' title='bbox 1091 3130 1565 3195; x_wconf 87' lang='lat' dir='ltr'><strong>consuetudine</strong></span> <span class='ocrx_word' id='word_1_243' title='bbox 1593 3154 1728 3195; x_wconf 89' lang='lat' dir='ltr'><strong>non</strong></span> <span class='ocrx_word' id='word_1_244' title='bbox 1757 3130 2109 3214; x_wconf 87' lang='lat' dir='ltr'><strong>recedunt,</strong></span> <span class='ocrx_word' id='word_1_245' title='bbox 2142 3147 2218 3197; x_wconf 92' lang='lat' dir='ltr'><strong>ut</strong></span> <span class='ocrx_word' id='word_1_246' title='bbox 2249 3132 2651 3198; x_wconf 86' lang='lat' dir='ltr'><strong>Amsteloda-</strong></span> 
     </span>
     <span class='ocr_line' id='line_1_28' title="bbox 521 3236 2646 3328; baseline 0.003 -29"><span class='ocrx_word' id='word_1_247' title='bbox 521 3255 772 3299; x_wconf 85' lang='lat' dir='ltr'><strong>menses</strong></span> <span class='ocrx_word' id='word_1_248' title='bbox 796 3236 1196 3301; x_wconf 81' lang='lat' dir='ltr'><strong>Jansonianae</strong></span> <span class='ocrx_word' id='word_1_249' title='bbox 1211 3283 1230 3317; x_wconf 86' lang='lat'><strong>,</strong></span> <span class='ocrx_word' id='word_1_250' title='bbox 1261 3237 1482 3320; x_wconf 63' lang='lat' dir='ltr'><strong>ivn-16,</strong></span> <span class='ocrx_word' id='word_1_251' title='bbox 1507 3252 1573 3301; x_wconf 88' lang='lat' dir='ltr'><strong>et</strong></span> <span class='ocrx_word' id='word_1_252' title='bbox 1594 3238 2029 3302; x_wconf 87' lang='lat' dir='ltr'><strong>recentissima</strong></span> <span class='ocrx_word' id='word_1_253' title='bbox 2047 3239 2387 3328; x_wconf 87' lang='lat' dir='ltr'><strong>Bipontina</strong></span> <span class='ocrx_word' id='word_1_254' title='bbox 2404 3288 2423 3321; x_wconf 92' lang='lat'>‚</span> <span class='ocrx_word' id='word_1_255' title='bbox 2452 3238 2646 3326; x_wconf 81' lang='lat'><strong>1783.</strong></span> 
     </span>
     <span class='ocr_line' id='line_1_29' title="bbox 515 3339 2647 3432; baseline 0.003 -29"><span class='ocrx_word' id='word_1_256' title='bbox 515 3339 824 3403; x_wconf 82' lang='lat' dir='ltr'><strong>Universe</strong></span> <span class='ocrx_word' id='word_1_257' title='bbox 857 3341 1015 3404; x_wconf 89' lang='lat' dir='ltr'><strong>mihi</strong></span> <span class='ocrx_word' id='word_1_258' title='bbox 1051 3364 1128 3405; x_wconf 81' lang='lat' dir='ltr'><strong>ex</strong></span> <span class='ocrx_word' id='word_1_259' title='bbox 1159 3342 1643 3429; x_wconf 85' lang='lat' dir='ltr'><strong>comparatione</strong></span> <span class='ocrx_word' id='word_1_260' title='bbox 1682 3343 2009 3407; x_wconf 85' lang='lat' dir='ltr'><strong>editorum</strong></span> <span class='ocrx_word' id='word_1_261' title='bbox 2048 3345 2543 3432; x_wconf 79' lang='lat' dir='ltr'><strong>exemplarium,</strong></span> <span class='ocrx_word' id='word_1_262' title='bbox 2576 3362 2647 3409; x_wconf 89' lang='lat' dir='ltr'><strong>et</strong></span> 
     </span>
     <span class='ocr_line' id='line_1_30' title="bbox 517 3445 2649 3539; baseline 0.003 -33"><span class='ocrx_word' id='word_1_263' title='bbox 517 3445 1108 3532; x_wconf 84' lang='lat' dir='ltr'><strong>manuscriptorum</strong></span> <span class='ocrx_word' id='word_1_264' title='bbox 1149 3447 1489 3511; x_wconf 83' lang='lat' dir='ltr'><strong>observare</strong></span> <span class='ocrx_word' id='word_1_265' title='bbox 1534 3448 1715 3511; x_wconf 88' lang='lat' dir='ltr'><strong>licuit</strong></span> <span class='ocrx_word' id='word_1_266' title='bbox 1738 3498 1756 3530; x_wconf 89' lang='lat'>‚</span> <span class='ocrx_word' id='word_1_267' title='bbox 1793 3450 1913 3513; x_wconf 86' lang='lat' dir='ltr'><strong>ista</strong></span> <span class='ocrx_word' id='word_1_268' title='bbox 1945 3447 2211 3537; x_wconf 88' lang='lat' dir='ltr'><strong>quidem</strong></span> <span class='ocrx_word' id='word_1_269' title='bbox 2244 3472 2473 3539; x_wconf 88' lang='lat' dir='ltr'><strong>parum</strong></span> <span class='ocrx_word' id='word_1_270' title='bbox 2516 3448 2649 3514; x_wconf 84' lang='lat' dir='ltr'><strong>dif-</strong></span> 
     </span>
     <span class='ocr_line' id='line_1_31' title="bbox 519 3548 2646 3643; baseline 0.005 -33"><span class='ocrx_word' id='word_1_271' title='bbox 519 3550 688 3612; x_wconf 85' lang='lat' dir='ltr'><strong>ferre</strong></span> <span class='ocrx_word' id='word_1_272' title='bbox 715 3548 781 3609; x_wconf 91' lang='lat' dir='ltr'><strong>in</strong></span> <span class='ocrx_word' id='word_1_273' title='bbox 814 3550 1199 3617; x_wconf 87' lang='lat' dir='ltr'><strong>lectionibus</strong></span> <span class='ocrx_word' id='word_1_274' title='bbox 1221 3600 1239 3633; x_wconf 86' lang='lat'>‚</span> <span class='ocrx_word' id='word_1_275' title='bbox 1272 3560 1337 3615; x_wconf 86' lang='lat' dir='ltr'><strong>et&#39;</strong></span> <span class='ocrx_word' id='word_1_276' title='bbox 1365 3553 1569 3617; x_wconf 87' lang='lat' dir='ltr'><strong>multa</strong></span> <span class='ocrx_word' id='word_1_277' title='bbox 1594 3553 1829 3619; x_wconf 89' lang='lat' dir='ltr'><strong>habere</strong></span> <span class='ocrx_word' id='word_1_278' title='bbox 1852 3553 2080 3619; x_wconf 89' lang='lat' dir='ltr'><strong>similia</strong></span> <span class='ocrx_word' id='word_1_279' title='bbox 2102 3602 2123 3635; x_wconf 85' lang='lat'>‚</span> <span class='ocrx_word' id='word_1_280' title='bbox 2152 3557 2393 3643; x_wconf 89' lang='lat' dir='ltr'><strong>pariter</strong></span> <span class='ocrx_word' id='word_1_281' title='bbox 2408 3552 2646 3621; x_wconf 62' lang='lat' dir='ltr'><strong>¹autem</strong></span> 
     </span>
    </p>
   </div>
   <div class='ocr_carea' id='block_1_5' title="bbox 504 3720 2649 4127">
    <p class='ocr_par' dir='ltr' id='par_1_5' title="bbox 504 3720 2649 4127">
     <span class='ocr_line' id='line_1_32' title="bbox 515 3720 2645 3798; baseline 0.005 -25"><span class='ocrx_word' id='word_1_282' title='bbox 515 3738 635 3773; x_wconf 86' lang='lat' dir='ltr'><strong>rum</strong></span> <span class='ocrx_word' id='word_1_283' title='bbox 662 3720 850 3775; x_wconf 74' lang='lat' dir='ltr'><strong>iisdem</strong></span> <span class='ocrx_word' id='word_1_284' title='bbox 883 3722 1056 3775; x_wconf 77' lang='lat' dir='ltr'><strong>verbis</strong></span> <span class='ocrx_word' id='word_1_285' title='bbox 1084 3738 1396 3796; x_wconf 85' lang='lat' dir='ltr'><strong>conceptum</strong></span> <span class='ocrx_word' id='word_1_286' title='bbox 1441 3728 1720 3798; x_wconf 67' lang='lat' dir='ltr'><strong>proponit.</strong></span> <span class='ocrx_word' id='word_1_287' title='bbox 1752 3728 2015 3781; x_wconf 63' lang='lat' dir='ltr'><strong>Ceterum</strong></span> <span class='ocrx_word' id='word_1_288' title='bbox 2052 3727 2107 3781; x_wconf 85' lang='lat' dir='ltr'><strong>in</strong></span> <span class='ocrx_word' id='word_1_289' title='bbox 2147 3726 2253 3781; x_wconf 81' lang='lat' dir='ltr'><strong>hac</strong></span> <span class='ocrx_word' id='word_1_290' title='bbox 2284 3730 2481 3782; x_wconf 76' lang='lat' dir='ltr'><strong>recenti</strong></span> <span class='ocrx_word' id='word_1_291' title='bbox 2510 3728 2645 3783; x_wconf 84' lang='lat' dir='ltr'><strong>edit.</strong></span> 
     </span>
     <span class='ocr_line' id='line_1_33' title="bbox 517 3810 2649 3890; baseline 0.004 -28"><span class='ocrx_word' id='word_1_292' title='bbox 517 3810 800 3867; x_wconf 78' lang='lat' dir='ltr'><strong>Parisiensi</strong></span> <span class='ocrx_word' id='word_1_293' title='bbox 824 3810 978 3863; x_wconf 79' lang='lat' dir='ltr'><strong>video</strong></span> <span class='ocrx_word' id='word_1_294' title='bbox 1003 3812 1220 3882; x_wconf 69' lang='lat' dir='ltr'><strong>ungulis</strong></span> <span class='ocrx_word' id='word_1_295' title='bbox 1244 3814 1438 3885; x_wconf 81' lang='lat' dir='ltr'><strong>Elegiis</strong></span> <span class='ocrx_word' id='word_1_296' title='bbox 1457 3815 1622 3868; x_wconf 83' lang='lat' dir='ltr'><strong>breve</strong></span> <span class='ocrx_word' id='word_1_297' title='bbox 1644 3829 2015 3885; x_wconf 78' lang='lat' dir='ltr'><strong>argumentum</strong></span> <span class='ocrx_word' id='word_1_298' title='bbox 2042 3817 2414 3889; x_wconf 68' lang='lat' dir='ltr'><strong>propositum:</strong></span> <span class='ocrx_word' id='word_1_299' title='bbox 2446 3818 2649 3890; x_wconf 64' lang='lat' dir='ltr'><strong>Elegia</strong></span> 
     </span>
     <span class='ocr_line' id='line_1_34' title="bbox 515 3899 2643 3974; baseline 0.004 -24"><span class='ocrx_word' id='word_1_300' title='bbox 515 3900 544 3950; x_wconf 89' lang='lat'>1</span> <span class='ocrx_word' id='word_1_301' title='bbox 557 3934 573 3962; x_wconf 86' lang='lat'>,</span> <span class='ocrx_word' id='word_1_302' title='bbox 607 3899 870 3950; x_wconf 65' lang='lat' dir='ltr'><strong>&amp;neentis</strong></span> <span class='ocrx_word' id='word_1_303' title='bbox 904 3901 1190 3967; x_wconf 62' lang='lat' dir='ltr'><strong>deson-ipah,-</strong></span> <span class='ocrx_word' id='word_1_304' title='bbox 1229 3900 1284 3953; x_wconf 84' lang='grc' dir='ltr'><strong>Π</strong></span> <span class='ocrx_word' id='word_1_305' title='bbox 1298 3941 1314 3968; x_wconf 86' lang='grc'><em>,</em></span> <span class='ocrx_word' id='word_1_306' title='bbox 1345 3907 1460 3955; x_wconf 77' lang='lat' dir='ltr'><strong>Non</strong></span> <span class='ocrx_word' id='word_1_307' title='bbox 1502 3904 1818 3972; x_wconf 74' lang='lat' dir='ltr'><strong>despicienda</strong></span> <span class='ocrx_word' id='word_1_308' title='bbox 1851 3918 2073 3957; x_wconf 74' lang='lat' dir='ltr'><strong>senectus</strong></span> <span class='ocrx_word' id='word_1_309' title='bbox 2088 3926 2111 3966; x_wconf 88' lang='lat'><em>;</em></span> <span class='ocrx_word' id='word_1_310' title='bbox 2138 3904 2222 3956; x_wconf 89' lang='lat'><strong>111</strong></span> <span class='ocrx_word' id='word_1_311' title='bbox 2236 3944 2253 3972; x_wconf 85' lang='lat'><strong>,</strong></span> <span class='ocrx_word' id='word_1_312' title='bbox 2288 3907 2643 3974; x_wconf 55' lang='lat' dir='ltr'><strong>Nat-mesae&amp;</strong></span> 
     </span>
     <span class='ocr_line' id='line_1_35' title="bbox 504 3986 2641 4062; baseline 0.005 -27"><span class='ocrx_word' id='word_1_313' title='bbox 504 3986 802 4052; x_wconf 69' lang='lat' dir='ltr'><strong>juo-cnemis,-</strong></span> <span class='ocrx_word' id='word_1_314' title='bbox 835 3986 940 4049; x_wconf 84' lang='lat' dir='ltr'><strong>lv,</strong></span> <span class='ocrx_word' id='word_1_315' title='bbox 965 3989 1115 4038; x_wconf 74' lang='lat' dir='ltr'><strong>Initia</strong></span> <span class='ocrx_word' id='word_1_316' title='bbox 1141 3989 1220 4039; x_wconf 76' lang='lat' dir='ltr'><strong>sui</strong></span> <span class='ocrx_word' id='word_1_317' title='bbox 1251 4004 1426 4042; x_wconf 73' lang='lat' dir='ltr'><strong>narrat</strong></span> <span class='ocrx_word' id='word_1_318' title='bbox 1460 3992 1673 4053; x_wconf 71' lang='lat' dir='ltr'><strong>amoris,-</strong></span> <span class='ocrx_word' id='word_1_319' title='bbox 1702 3990 1783 4057; x_wconf 4' lang='lat' dir='ltr'><strong>pv,</strong></span> <span class='ocrx_word' id='word_1_320' title='bbox 1814 3994 1991 4043; x_wconf 73' lang='lat' dir='ltr'><strong>Mulier</strong></span> <span class='ocrx_word' id='word_1_321' title='bbox 2004 3994 2217 4062; x_wconf 68' lang='lat' dir='ltr'><strong>fingens</strong></span> <span class='ocrx_word' id='word_1_322' title='bbox 2246 4011 2459 4045; x_wconf 70' lang='lat' dir='ltr'><strong>amoma</strong></span> <span class='ocrx_word' id='word_1_323' title='bbox 2476 4014 2499 4052; x_wconf 90' lang='lat'><strong>,·</strong></span> <span class='ocrx_word' id='word_1_324' title='bbox 2518 3986 2603 4045; x_wconf 72' lang='lat' dir='ltr'><strong>vl</strong></span> <span class='ocrx_word' id='word_1_325' title='bbox 2622 4030 2641 4056; x_wconf 88' lang='lat'>,</span> 
     </span>
     <span class='ocr_line' id='line_1_36' title="bbox 519 4074 1205 4127; baseline 0.004 -4"><span class='ocrx_word' id='word_1_326' title='bbox 519 4075 776 4126; x_wconf 74' lang='lat' dir='ltr'><strong>Consilium</strong></span> <span class='ocrx_word' id='word_1_327' title='bbox 801 4074 992 4125; x_wconf 74' lang='lat' dir='ltr'><strong>senibus</strong></span> <span class='ocrx_word' id='word_1_328' title='bbox 1021 4076 1205 4127; x_wconf 72' lang='lat' dir='ltr'><strong>damn.</strong></span> 
     </span>
    </p>
   </div>
  </div>
 </body>
</html>
