2964 4690
492 301 629 407 362
1236 338 1874 407 PROOEMIUM
2005 396 2028 421 ,

490 467 865 555 respiciunt.
924 466 1223 547 Quorum
1276 468 1439 531 mihi
1491 467 1691 555 magis
1741 465 2017 534 idoneus
2059 482 2286 530 auctor
2327 464 2582 531 videtur
2601 514 2616 545 ,

490 596 691 661 quem
737 571 1041 636 Martialis
1088 571 1698 643 nominatSextium
1739 571 2076 635 Caballum
2110 570 2244 659 (1),
2279 571 2396 635 uhi
2429 572 2619 635 Caeci-

486 681 649 743 lium
698 673 1046 765 quemdam
1090 676 1461 766 perstringit
1478 725 1498 752 ‚
1545 675 1727 765 quod
1774 676 1896 741 sibi
1942 676 2234 741 urbanus
2271 690 2338 741 et
2375 678 2617 743 facetus

488 784 802 863 videatur,
836 798 901 845 et
930 781 1389 847 famosissimos
1418 804 1718 870 quosque
1743 803 1994 850 scurras
2027 781 2266 847 salibus
2295 798 2358 847 et
2385 779 2618 845 dicaci-

494 907 621 955 tate
651 890 909 955 vincere
938 910 1130 977 posse
1162 887 1421 953 credat:
2006 904 2010 908 ’

874 1069 1053 1134 Quare
1078 1066 1257 1121 desine
1274 1072 1385 1142 jam
1415 1070 1517 1123 tibi
1543 1068 1741 1134 videri,

879 1153 1039 1221 Quod
1065 1155 1163 1209 soli
1189 1156 1310 1218 tibi,
1338 1156 1514 1210 cecili
1529 1195 1546 1222 ,
1573 1155 1767 1211 videris
1788 1176 1802 1209 ε

876 1246 987 1311 Qui
1014 1246 1240 1301 Galbam
1268 1246 1468 1301 salibus
1490 1247 1594 1302 tuis
1610 1285 1625 1311 ,
1649 1257 1703 1301 et
1729 1247 1899 1319 ipsum

875 1334 1048 1389 Possis
1072 1336 1282 1389 vincere
1304 1336 1542 1391 Sextium
1569 1336 1864 1391 caballum.

490 1523 766 1589 Videtur
810 1522 917 1587 hic
960 1521 1213 1587 Sextius
1260 1522 1347 1587 ob
1390 1522 1667 1587 facetum
1705 1522 2077 1610 ingenium,
2115 1535 2181 1583 et
2216 1520 2620 1606 frequentem

488 1631 787 1711 jocorum
826 1643 894 1692 et
931 1626 1349 1700 dicteriorum
1384 1650 1578 1691 usum
1611 1625 2002 1715 singularem
2041 1625 2472 1691 celebritatem
2506 1647 2621 1688 na-

494 1752 673 1817 ctuS,
716 1734 781 1797 in
827 1732 1067 1820 quibus
1106 1755 1312 1820 quum
1362 1733 1566 1797 multa
1605 1732 1893 1797 inessent
1931 1754 1968 1796 a
2007 1730 2258 1795 scurrili
2291 1728 2625 1795 dicacitate

496 1864 631 1905 non
660 1840 865 1905 aliena
884 1886 903 1921 ‚
941 1839 1165 1903 Cicero
1202 1840 1397 1919 hujus
1436 1839 1631 1903 Sextii
1673 1838 1936 1903 dicteria
1974 1837 2184 1901 noluit
2221 1835 2352 1899 suis
2383 1834 2623 1900 salibus

497 1944 893 2034 aequiparari.
933 1943 1193 2009 Etenim
1230 1944 1481 2008 Sextius
1517 1944 1812 2009 caballus
1833 1990 1852 2025 ‚
1890 1942 2017 2006 nisi
2051 1943 2202 2030 ipse
2215 1942 2468 2007 Sextius
2503 1942 2622 2005 Ca-

498 2052 804 2118 tullianus
844 2066 978 2132 est,
1021 2048 1200 2113 haud
1238 2050 1564 2115 immerito
1607 2049 1868 2114 videtur
1903 2046 1986 2113 ad
2018 2062 2264 2111 aetatem
2299 2046 2625 2111 Ciceronis

492 2180 679 2246 posse
725 2156 949 2222 referri
988 2153 1119 2243 (2),
1168 2155 1320 2242 quia
1363 2154 1671 2219 Martialis
1719 2176 1871 2219 eum
1921 2153 2217 2241 adjungit
2264 2151 2519 2233 Galbae,
2557 2167 2626 2215 et

498 2284 871 2354 praeponere
923 2262 1086 2327 adeo
1136 2260 1427 2343 videtur,
1486 2284 1624 2325 non
1678 2261 1892 2326 solum
1947 2258 2334 2323 celebritatis
2352 2306 2370 2341 ,
2421 2272 2584 2344 puto
2599 2302 2620 2335 ‚

499 2392 721 2436 caussa
740 2417 759 2452 ,
806 2368 921 2433 sed
966 2368 1159 2432 etiam
1208 2367 1439 2446 aetati8.,
1480 2368 1700 2432 Galbae
1753 2383 1971 2431 autem
2021 2381 2172 2430 aetas
2213 2363 2293 2428 ad
2333 2379 2622 2451 tempora

500 2476 762 2540 Caesaris
785 2474 1063 2562 Augusti
1082 2471 1417 2538 adscendit
1434 2519 1453 2555 ‚
1474 2473 1578 2536 cui
1593 2471 1927 2553 jucundus
1954 2471 2268 2559 parasitus
2283 2517 2302 2552 ,
2321 2485 2386 2533 et
2407 2489 2624 2532 scurra

503 2579 738 2647 nobilis
768 2580 967 2645 fuisse
999 2578 1255 2646 dicitur.
1294 2579 1398 2644 Sic
1431 2579 1605 2643 enim
1641 2577 1982 2658 Martialis,
2019 2577 2132 2642 lib.
2158 2577 2252 2657 X,
2277 2597 2379 2664 ep.
2417 2596 2530 2636 101
2563 2595 2580 2638 z

782 2759 960 2834 Elysio
983 2759 1165 2815 redeat
1183 2761 1225 2814 si
1252 2763 1389 2816 forte
1414 2763 1666 2816 remissus
1691 2762 1761 2815 ab
1787 2779 1914 2834 agro

849 2847 948 2901 Ille
979 2866 1075 2900 suo
1108 2847 1229 2900 felix
1258 2849 1461 2902 Cesare
1485 2849 1656 2902 Galba
1690 2861 1869 2923 vetus..

572 3124 649 3191 (x)
686 3119 803 3172 Lib.
825 3119 854 3171 1
874 3153 893 3182 ,
918 3117 1082 3190 epigr.
1114 3125 1213 3184 42,
1239 3137 1321 3189 ¹7·

574 3253 652 3320 (π)
676 3232 895 3322 ,Alioqui
924 3261 1049 3302 zetas
1069 3247 1225 3305 Sextii
1250 3247 1456 3302 Caballi
1474 3289 1490 3315 ,
1509 3248 1633 3302 licet
1656 3249 1870 3321 antiqua
1901 3245 2162 3312 videatur,
2193 3245 2400 3300 definiri
2421 3247 2602 3318 nequit
2617 3286 2632 3310 ,

502 3339 625 3411 quia
664 3337 809 3390 nulla
853 3339 967 3410 ejus
1013 3335 1157 3409 apud
1194 3337 1324 3392 alios
1362 3337 1642 3410 scriptores
1679 3336 1892 3392 mentio.
1935 3334 2017 3389 Ad
2061 3349 2266 3392 atatem
2307 3337 2630 3406 Augusteam

504 3427 700 3480 referre
734 3443 855 3478 eum
882 3426 1089 3482 videtur
1112 3425 1377 3491 Raderus,
1404 3427 1614 3480 Comm.
1653 3423 1722 3479 ad
1753 3425 1981 3480 Martial.
2008 3425 2046 3478 l.
2085 3446 2134 3479 c.
2176 3425 2288 3478 sola
2323 3427 2635 3498 conjectura

504 3513 698 3566 ductus
718 3550 734 3576 ,
768 3514 914 3584 quod
936 3514 1185 3568 eumdem
1209 3527 1358 3587 putat
1377 3553 1394 3580 ,
1423 3535 1486 3568 ac
1512 3514 1740 3569 Sestium
1767 3514 1980 3567 Gallum
1996 3551 2011 3577 ‚
2049 3513 2320 3568 hominem
2354 3511 2552 3565 foedum
2579 3523 2632 3563 et

504 3600 841 3654 libidinosum
889 3602 957 3654 ab
1000 3605 1235 3674 Augusto
1277 3602 1569 3676 ignominia
1615 3612 1887 3668 notatum,
1929 3613 1982 3654 et
2021 3600 2235 3654 Tiberio
2281 3600 2590 3654 familiarem
2616 3636 2632 3662 ,

505 3691 654 3761 cujus
680 3687 919 3740 meminit
944 3689 1083 3743 Suet.
1112 3691 1293 3745 Tiber.
1328 3675 1447 3763 cari.
1480 3698 1562 3755 ²4·
1595 3689 1752 3742 Hunc
1783 3689 1923 3743 enim
1951 3688 2196 3760 opinatur
2228 3707 2258 3741 a
2283 3687 2634 3742 dicacioribus

506 3777 731 3831 Sestium
776 3776 1055 3830 Caballum
1098 3777 1299 3832 dictum
1326 3818 1341 3844 ,
1394 3778 1542 3852 quod
1581 3779 1815 3831 moribus
1862 3777 1930 3831 ad
1975 3795 2172 3851 equum
2215 3777 2426 3852 potins,
2467 3795 2632 3848 quam

504 3864 775 3918 hominem
810 3863 1099 3918 accederet.
1150 3865 1279 3934 Alii,
1318 3880 1379 3920 ut
1420 3866 1564 3922 idem
1600 3864 1837 3922 nacla-us
1869 3879 2052 3920 monet
2071 3907 2087 3933 ,
2109 3865 2398 3934 ‚Cuballum
2425 3865 2632 3935 Vespa·

501 3955 681 4019 siano,
703 3952 827 4004 Tito
869 3965 921 4005 et
962 3951 1265 4008 Domitiano
1308 3954 1605 4008 Casu-ibus
1641 3953 1828 4006 dicunt
1875 3954 1932 4006 in
1973 3952 2175 4008 deliciis
2214 3953 2410 4017 fuisse,
2467 3951 2632 4005 fidem

508 4056 685 4096 tamen
707 4061 813 4096 non
838 4038 1067 4107 faciunt,
1098 4044 1411 4096 auctoritate
1434 4043 1580 4096 omni
1609 4041 1861 4096 destituti.
