2964 4690
485 268 623 340 216

1253 270 1830 340 MAXIMIANI
1892 355 1931 381 .

677 397 894 487 Atque
936 395 1132 461 etiam
1167 407 1266 461 cst
1307 394 1523 487 ipsum
1560 393 1779 462 vivere
1814 407 2007 484 turpe
2040 415 2283 459 senem.

581 505 854 574 Crimen
894 527 1114 572 amare
1137 504 1364 598 jocoS‚
1400 503 1655 572 crimen
1691 501 2029 590 convivia,
2064 515 2341 586 cantus;

675 617 738 682 Ο
778 615 1000 682 miseri
1033 635 1318 707 quorum
1357 613 1602 707 gaudia
1639 615 1892 685 crimen
1928 609 2209 681 habent!
2538 615 2613 658 ¹⁸⁰

583 720 767 816 Quid
795 721 958 789 mihi
987 721 1264 810 divitiae,
1298 745 1582 816 quarum
1614 722 1669 792 si
1711 713 2071 816 dempseris
2113 746 2340 807 usum,

677 831 1002 919 Quamvis
1039 829 1264 928 largus
1298 857 1545 928 opum,
1570 857 1832 928 semper
1870 855 2119 926 egenus
2150 831 2309 900 ero?

582 945 796 1010 lmmo
824 942 1024 1010 etiam
1043 968 1256 1038 ,poena
1293 958 1395 1014 est
1431 945 1641 1038 partis
1675 943 2057 1014 incumbere
2098 943 2322 1027 rebus,

682 1050 868 1138 Quas
903 1076 1112 1146 quum
1157 1051 1527 1146 possideaS,
1562 1067 1661 1123 est
1696 1050 1947 1122 violare
1974 1051 2176 1122 nefas,

585 1169 741 1238 Non
779 1166 971 1238 aliter
1007 1169 1234 1238 sitiens
1273 1170 1522 1240 vicinas
1558 1169 1880 1241 Tantalus
1917 1169 2128 1239 undas
2540 1189 2619 1227 18³

685 1283 961 1374 Captet,
995 1295 1062 1349 et
1092 1280 1412 1374 adpositis
1440 1281 1731 1352 abstinet
1768 1305 1886 1350 ora
1922 1279 2109 1349 cibis.

584 1387 859 1460 Efficior
900 1405 1122 1460 custos
1160 1416 1379 1461 rerum
1425 1393 1635 1488 magis
1669 1392 1811 1487 ipse
1846 1415 2179 1473 mearum,

683 1502 1098 1571 Conservans
1131 1501 1310 1590 aliis,
1344 1527 1491 1597 quae
1528 1503 1781 1597 periere
1819 1502 2005 1570 mihi.

587 1611 775 1680 Sicut
809 1614 878 1680 in
915 1614 1269 1682 auricomis
1304 1612 1660 1707 pendentia
1700 1611 2029 1707 plurimus
2070 1613 2279 1682 hortis

578 1843 691 1908 178.
723 1843 868 1908 Queis
907 1844 1014 1892 sine
1027 1842 1236 1909 jamque
1259 1845 1412 1910 ipsum
1437 1843 1508 1893 V.

579 2019 596 2052 1
607 2019 690 2070 79.
719 2001 909 2052 crimen
928 2019 1098 2051 amare
1101 2003 1264 2066 jocos,
1279 2009 1377 2052 etc.
1388 1999 1515 2052 Huc

499 2080 655 2131 etiam
683 2079 936 2135 senectuti
954 2089 1144 2150 negata
1165 2096 1276 2131 esse
1301 2089 1516 2130 conteu-

499 2159 577 2210 dit
617 2160 796 2211 Horat.
825 2159 985 2230 Epist.
1015 2159 1086 2221 11,
1119 2178 1168 2223 a,
1195 2159 1262 2212 55
1287 2176 1301 2209 τ
1347 2157 1513 2210 «Sin-

499 2240 623 2308 gula
651 2237 719 2290 tle
742 2239 890 2292 nobis
915 2239 1042 2292 anni
1061 2237 1366 2310 predantur
1381 2255 1514 2290 eun-

502 2329 612 2383 tes,
599 2338 610 2351 ·
639 2317 888 2389 Eripuere
902 2319 1078 2391 jocos,
1097 2335 1340 2372 venerem
1361 2358 1376 2383 ,
1394 2334 1516 2371 con-

501 2398 673 2459 vivia,
697 2398 912 2461 ludum;
935 2397 1185 2452 Tendunt
1203 2410 1515 2477 extorquere

501 2488 797 2547 poemata».

581 2558 692 2609 181.
724 2560 858 2624 Quid
886 2559 1005 2609 mihi
1035 2559 1116 2610 vel
1148 2507 1231 2609 tesbi
1248 2558 1314 2608 V.
1349 2560 1433 2609 eibi
1451 2558 1512 2610 L.

503 2640 706 2690 demeris
735 2637 954 2708 vulgatae
981 2649 1102 2709 post
1131 2639 1252 2689 Asc.
1282 2648 1336 2689 ct
1357 2637 1513 2689 Basil.

504 2718 572 2769 Ο.
596 2728 650 2769 et
677 2716 789 2787 Bip.
817 2720 1079 2784 dempseris
1105 2718 1166 2769 L.
1195 2716 1290 2769 Gr.
1317 2716 1385 2770 G.
1412 2716 1511 2769 Pu.

501 2795 579 2847 Pi.
619 2828 686 2837 --
732 2798 865 2863 Quid
897 2798 1015 2847 milu'
1055 2799 1252 2854 diviciae,
1293 2808 1395 2849 etc.
1426 2794 1513 2848 Sic

501 2879 684 2931 Horat.
709 2876 874 2948 Epist.
899 2878 948 2938 1,
975 2877 1026 2943 5,
1058 2894 1117 2928 12
1147 2894 1161 2927 :
1185 2903 1211 2921 «ι
1235 2876 1358 2939 Quo
1383 2876 1515 2927 mihi

499 2960 767 3009 fortunam
786 2994 801 3021 ,
822 2954 864 3008 si
887 2974 994 3007 non
1023 2954 1329 3009 conceditur
1353 2954 1429 3007 uti
1443 2954 1511 3005 ἓ-

501 3047 554 3088 et
573 3035 738 3107 Epist.
771 3035 826 3095 1,
853 3054 880 3085 2
897 3074 912 3099 ,
939 3035 1036 3086 50:
1075 3060 1098 3079 ιι
1115 3036 1282 3088 valeat
1306 3054 1510 3107 posses-

501 3133 587 3166 sor
615 3124 847 3185 oportet,
883 3112 938 3165 si
971 3114 1310 3183 comportatis
1353 3115 1511 3167 rebus

400 3237 404 3241 .
499 3194 633 3246 bene
655 3194 854 3265 cogitat
877 3192 954 3245 uti
975 3218 1018 3244 ι.

573 3290 594 3323 1
606 3272 687 3324 83.
697 3277 1010 3325 Suet-mahen·
1021 3276 1156 3324 rebus
1169 3274 1237 3327 V.
1251 3272 1336 3325 ed.
1351 3274 1450 3326 Pu.
1463 3290 1515 3327 et

501 3352 575 3402 Pi.
604 3352 757 3405 male.
779 3382 852 3393 —-·
874 3360 1028 3404 Poena
1055 3370 1128 3404 ese
1149 3355 1311 3423 partis
1333 3356 1514 3405 incum-

499 3433 608 3481 bere
627 3434 798 3491 rebus,
836 3432 893 3484 h.
940 3450 990 3486 e.
1033 3434 1146 3504 ipse
1174 3433 1274 3485 sibi
1307 3434 1511 3506 suppli-

497 3508 640 3559 cium
668 3520 721 3560 et
747 3510 1033 3562 cruciatum
1061 3526 1238 3582 parat,
1266 3511 1358 3583 qui
1385 3532 1510 3584 opes

497 3587 556 3639 in
591 3586 694 3638 hoc
734 3598 934 3639 tantum
974 3588 1200 3660 colligit,
1239 3604 1297 3644 ut
1337 3604 1509 3664 partas

497 3663 716 3718 adsidua
743 3684 868 3719 cura
895 3680 944 3721 et
962 3668 1310 3734 sollicitudine
1329 3685 1509 3726 custo-

495 3742 626 3796 diat.
655 3750 935 3797 Incumbere
961 3748 1046 3799 vel
1067 3751 1300 3801 incubare
1317 3750 1386 3804 de
1405 3753 1506 3805 sol-

492 3821 636 3875 licita
659 3822 902 3877 custodia
941 3838 1242 3897 usurpatur,
1277 3848 1504 3896 quacum

494 3902 671 3961 nullus
689 3905 900 3957 ususrei
919 3909 1230 3979 conjunctus
1247 3922 1339 3962 est.
1356 3910 1505 3981 Vix-g.

492 3978 944 4056 Georg.11,:507
972 3986 1372 4059 «Conditopes
1359 3989 1509 4055 alius,

1600 1841 1919 1912 defossoque
1951 1841 2169 1894 incubat
2206 1859 2341 1892 auro
2364 1865 2407 1890 n.
2463 1840 2617 1892 Cous.

1600 1932 1709 1973 not.
1736 1919 1807 1973 ad
1840 1920 1990 1991 Sulp.
2019 1920 2242 1991 Luperci
2280 1919 2429 1990 Elcg.
2456 1937 2507 1971 v.
2554 1937 2573 1971 ι
2590 1937 2609 1970 1

1602 1997 1735 2069 (huj.
1752 2017 1843 2068 op.
1861 2009 1991 2050 tom·
2010 1998 2083 2064 11,
2102 2017 2157 2070 p.
2176 1999 2295 2065 ²93·
2312 1997 2443 2065 En.)

1680 2079 1798 2140 184.
1828 2083 1916 2128 Est
1933 2081 2127 2128 violare
2144 2079 2305 2146 nefins,
2342 2089 2499 2148 putas
2521 2095 2617 2130 ne-

1604 2157 1682 2209 fas
1712 2175 1823 2211 esse
1851 2156 2120 2228 adtingere
2136 2195 2152 2220 ,
2186 2169 2241 2209 et
2264 2175 2365 2209 usu
2386 2174 2579 2226 capere
2596 2195 2611 2215 ‚

1602 2247 1867 2308 tamquam
1891 2254 2121 2312 sacruun,
2141 2234 2411 2308 quomodo
2426 2235 2610 2288 Horat.

1602 2315 1769 2369 Serm.
1790 2317 1838 2381 1,
1866 2335 1912 2385 1,
1932 2335 1994 2387 71
2020 2336 2035 2369 ε
2064 2343 2091 2363 «ι
2106 2317 2364 2389 congestis
2382 2315 2617 2387 undique

1598 2397 1765 2451 saccis
1776 2396 2039 2450 Indoi-mis
2058 2396 2339 2463 inhians,et
2346 2408 2613 2467 tamquam

1602 2494 1820 2547 parcere
1856 2474 2018 2529 sacris
2054 2476 2295 2548 Cogeris,
2333 2487 2425 2528 aut
2460 2475 2615 2547 pictis

1604 2568 1868 2627 tamquam
1915 2553 2145 2627 gaudes-e
2183 2554 2385 2608 tabellis
2402 2580 2443 2604 n.
2476 2554 2617 2607 Con-

1602 2636 1683 2687 fer
1720 2636 1879 2687 etiam
1906 2636 2075 2689 Serm.
2104 2630 2192 2697 11,
2241 2635 2295 2698 3,
2330 2651 2449 2701 ¹09.
2472 2634 2617 2687 Inter

1603 2714 1725 2767 vitia
1754 2729 1937 2767 senum
1970 2712 2227 2767 hocidem
2256 2724 2493 2767 recenset
2504 2715 2615 2765 Art.

1602 2793 1750 2846 Poet.
1778 2812 1833 2846 v.
1857 2812 1989 2864 170:
2022 2820 2045 2839 .
2068 2792 2299 2860 Quaerit,
2323 2804 2375 2846 et
2388 2793 2619 2848 inventis

1603 2874 1759 2928 miser
1782 2874 2035 2939 abstinet,
2069 2892 2133 2925 ac
2156 2874 2305 2925 timet
2338 2873 2414 2925 uti
2434 2898 2474 2923 ιι.

1681 2954 1794 3007 185.
1813 2956 1985 3005 Sidetas
2024 2954 2220 3005 vicinas
2248 2955 2481 3003 Tantalus
2522 2971 2613 3003 ten-

1602 3039 1711 3085 das.
1717 3032 1942 3086 Videtur
1968 3033 2099 3093 hoc,
2124 3044 2183 3084 ut
2206 3030 2497 3103 superiora,
2520 3048 2615 3083 ex·

1600 3113 1847 3186 pressisse
1888 3133 1949 3166 ex
2000 3112 2201 3166 Horatii
2237 3111 2497 3171 Serm.1,
2564 3128 2619 3171 1,

1600 3196 1699 3247 68:
1744 3193 2027 3246 «Tantalus
2074 3212 2103 3245 a
2136 3191 2293 3245 labris
2328 3191 2505 3245 sitiens
2526 3190 2617 3242 fu·

1604 3274 1795 3344 gientia
1829 3284 2005 3345 captat
2030 3272 2335 3325 Flumina...
2363 3270 2521 3322 Plura
2548 3268 2618 3321 de

1600 3354 1812 3407 Tantali
1848 3370 1999 3425 poena
2040 3353 2153 3404 loca
2186 3361 2461 3421 poetarum
2492 3366 2617 3419 pro-

1600 3432 1847 3485 duximus
1886 3432 1957 3485 ad
1988 3429 2220 3484 Petronii
2248 3431 2435 3501 fragm.
2466 3428 2617 3500 (huj.

1600 3532 1689 3585 op.
1712 3526 1859 3565 torno
1885 3514 1971 3579 11,
2006 3530 2123 3583 pag.
2154 3513 2271 3564 118.
2296 3510 2423 3577 En.)
2457 3520 2508 3562 et
2544 3506 2617 3561 ad

1600 3593 1791 3647 Lucilii
1812 3596 1959 3647 AEtn.
1989 3610 2039 3645 v.
2070 3606 2155 3661 79.

1676 3674 1791 3725 186.
1825 3677 1888 3723 Ec
1908 3672 2179 3740 oppositus,
2208 3670 2247 3723 s.
2288 3670 2513 3737 oppositis
2544 3666 2615 3718 G.

1675 3752 1789 3819 189.
1834 3754 2168 3819 Dependentia
2209 3751 2423 3818 plurima
2448 3746 2510 3797 L.
2547 3746 2620 3798 vi-

1598 3832 1759 3884 tiose:
1810 3850 1913 3902 pro
1955 3833 2193 3898 plurimus
2244 3829 2378 3880 forte
2428 3829 2617 3877 luridus

1597 3909 1811 3982 conjicit
1834 3910 2007 3962 Pulm.
2037 3910 2189 3979 cujus
2206 3907 2337 3959 liber
2355 3918 2506 3958 vetus
2526 3904 2615 3958 hic

1598 4001 1873 4061 corruptus
1892 3988 2012 4041 suit.
2032 4018 2095 4028 -·
2116 3987 2385 4039 Auricomt's
2394 3988 2621 4053 pende-n»
