2964 4690
1088 388 1684 457 AENIGMATA.
2302 385 2471 459 351·
2521 398 2529 405 ”

1062 620 1163 685 ΙΙ.
1216 618 1689 686 ARUNDO.

410 834 677 903 Dutcls
712 834 925 902 amica
958 834 1122 921 Dei,
1151 835 1317 928 ripis
1348 832 1571 902 vicina
1610 830 1993 926 profimdiS,

410 945 625 1012 Suave
661 968 907 1013 canens
940 944 1193 1030 Musis;
1233 945 1427 1039 nigro
1461 942 1730 1038 perfusa
1763 942 2020 1029 colore,

388 1174 433 1209 ι.
474 1160 571 1209 Dea·
606 1160 725 1226 n‘poe
758 1160 937 1209 vicina.
973 1158 1241 1225 profitndae
1266 1156 1330 1208 A.

308 1234 499 1291 Glossa
516 1236 881 1310 superscripsit
886 1238 1167 1307 profimdis.
1196 1238 1334 1288 Ami-

310 1334 374 1367 ca
396 1320 515 1386 ripae
538 1318 598 1371 C.
616 1322 702 1370 Dii
726 1322 846 1387 ripoe
870 1320 1051 1368 innata
1071 1318 1334 1391 prpfimdoe

308 1398 372 1448 1).
398 1398 599 1448 nimium
626 1401 799 1449 vicina
822 1396 1092 1464 profunde
1118 1400 1175 1447 E.
1218 1396 1332 1463 n'pz's

308 1476 485 1526 vicina
501 1476 766 1544 pmfimdt's
798 1474 884 1527 ed.
911 1473 1116 1528 Basuel.
1148 1493 1337 1541 semper

308 1554 481 1605 vicina
490 1556 759 1623 profimdis
775 1550 914 1605 Pith.
938 1564 988 1605 et
1006 1554 1145 1605 Cast.
1171 1556 1332 1603 Litora

307 1652 501 1701 semper
544 1652 657 1683 amo
698 1635 815 1699 ripis
858 1634 1029 1683 vicina
1068 1634 1332 1699 profundis

306 1710 421 1764 Per.
443 1713 625 1777 Quum
644 1710 823 1782 plures
854 1708 1003 1763 editt.
1024 1728 1203 1781 eaeque
1220 1712 1329 1781 pri-

304 1788 517 1852 mariae,
546 1807 669 1841 cum
701 1788 873 1859 glossa
901 1788 1093 1840 veteris
1112 1788 1329 1851 codicis,

304 1868 538 1922 habeant
556 1870 824 1937 profundis
841 1906 857 1933 ,
881 1885 979 1938 ego
1013 1867 1237 1938 praefero
1260 1870 1329 1917 ri-

299 1952 383 2017 pis
408 1951 585 2001 vicina
609 1968 701 2015 pro
726 1950 890 1999 undis.
930 1946 994 1997 Et
1035 1946 1332 1999 Buneman·

304 2046 410 2081 nus
430 2026 645 2080 adnotat
662 2025 921 2099 pluralem
950 2028 1082 2093 ripas
1104 2043 1135 2078 a
1162 2026 1331 2096 poetis

304 2108 628 2179 frequentari
671 2106 739 2159 de
773 2104 1081 2157 fluminibus
1119 2104 1329 2157 arundi-

304 2186 466 2239 nosio.
488 2185 676 2257 virgil.
691 2184 803 2239 Ecl.
822 2184 948 2251 VH,
967 2203 1028 2236 η
1052 2204 1066 2237 :
1094 2210 1121 2230 ιι
1137 2184 1233 2237 Hic
1257 2184 1333 2238 vi-

302 2262 437 2319 ridis
456 2276 639 2318 tenera
652 2262 886 2336 praetexit
899 2260 1161 2317 arundine
1185 2262 1331 2336 ripas

304 2340 586 2398 Mincium.
620 2344 757 2398 Add.
780 2344 975 2415 Georg.
1000 2344 1113 2410 111,
1162 2343 1242 2408 15,
1280 2355 1333 2397 et

305 2417 467 2478 ovid.
510 2428 632 2477 Am.
677 2423 789 2491 111,
826 2429 882 2488 6,
928 2443 1012 2495 pr.
1056 2455 1124 2463 -
1162 2429 1330 2478 Dulcis

305 2507 470 2558 emim
497 2508 595 2556 Dei
608 2541 625 2566 ,
669 2523 864 2578 nempe
904 2502 1075 2558 Panos
1095 2542 1110 2569 ,
1139 2505 1233 2578 qui
1264 2505 1332 2558 fi-

306 2584 455 2638 stulu
480 2583 769 2656 pastoritia!
784 2622 799 2647 ‚
822 2601 941 2656 quae
963 2596 1014 2637 et
1031 2587 1205 2650 fyrina-
1232 2605 1329 2638 vo-

306 2674 476 2728 catur,
501 2663 747 2715 inventor
774 2681 887 2716 esse
910 2661 1130 2726 dicitur;
1158 2664 1329 2718 fistula

304 2753 482 2795 autem
513 2741 651 2795 facta
692 2759 755 2794 ex
780 2739 1069 2808 arundine,
1094 2743 1147 2795 in
1169 2762 1328 2814 quam

306 2838 561 2875 conversa
574 2833 650 2874 est
659 2821 847 2894 Syrinx
862 2819 1129 2892 Nympha,
1143 2840 1175 2874 a
1190 2821 1331 2875 Pane

305 2912 485 2954 amata
502 2941 519 2967 ,
555 2912 613 2953 ut
643 2911 819 2952 narr-st
839 2899 1002 2952 Ovid.
1030 2899 1247 2954 Metam.
1276 2901 1331 2968 Ι,

306 2978 413 3048 690
434 2998 585 3050 seqq.
604 2977 745 3031 Hinc
771 2977 930 3031 etiam
959 2977 1136 3032 fistula
1167 2991 1224 3032 ut
1241 2979 1333 3033 Pa-

306 3055 363 3109 ni
382 3070 590 3112 sacrata
617 3069 667 3110 et
703 3073 955 3130 suspensa
996 3057 1051 3109 in
1082 3057 1215 3111 lucis
1235 3057 1329 3112 de-

308 3133 557 3190 scribitur
574 3156 603 3188 a
618 3135 835 3188 Tibullo
852 3131 944 3188 lib.
964 3136 1039 3202 11,
1055 3136 1104 3202 5,
1124 3156 1210 3206 29,
1221 3157 1329 3210 seq.

307 3225 360 3268 et
385 3215 452 3268 ab
466 3215 653 3287 Optat.
678 3213 978 3288 Porphyrio
1017 3211 1072 3268 in
1104 3217 1330 3288 Syringe

308 3290 505 3366 Idyllio
522 3330 541 3356 ‚
571 3293 717 3367 quod
745 3292 990 3346 dedimus
1020 3293 1136 3365 huj.
1162 3295 1333 3368 operis

308 3385 349 3426 t.
370 3374 428 3437 Ι,
464 3384 604 3444 part.
624 3373 680 3425 11
701 3411 717 3436 ,
743 3392 793 3444 p.
810 3375 930 3441 692.
948 3373 1051 3425 En.

380 3471 429 3504 π.
468 3453 617 3503 Canis
643 3449 709 3504 E.
733 3483 803 3492 —-
830 3455 985 3503 Suave
1002 3472 1190 3504 canens
1218 3457 1329 3504 Mu-

307 3535 388 3585 sis.
404 3529 566 3584 Dion.
595 3531 730 3584 Cato
756 3530 811 3583 in
828 3529 961 3584 Dist.
987 3530 1038 3593 1,
1070 3550 1134 3602 ²7
1160 3549 1173 3584 ε
1198 3557 1223 3578 α
1240 3528 1328 3583 Fi·

306 3609 445 3664 otula
466 3607 625 3662 dulce
647 3609 791 3662 canit
810 3635 851 3661 n.
868 3609 935 3660 Et
952 3607 1133 3662 Musas
1152 3609 1330 3663 fistula

308 3707 503 3743 canere
519 3687 785 3742 Ausonius
810 3687 1006 3741 indicat
1026 3687 1161 3762 Idyl.
1189 3687 1297 3741 XX
1311 3727 1329 3755 ,

311 3777 363 3833 4:
384 3767 737 3841 «Dulciloquiz
756 3767 985 3820 calamos
996 3765 1221 3840 Euterpe
1236 3767 1329 3819 fla·

310 3849 451 3902 tibus
496 3859 651 3918 urget
678 3871 701 3892 ι·
716 3884 729 3896 .
771 3846 835 3897 Et
875 3845 1005 3899 hinc
1045 3847 1296 3918 Virgiliuo
1315 3886 1331 3911 ,

308 3926 426 3979 Ecl.
438 3926 486 3991 Ι,
499 3945 550 3993 2,
558 3943 773 3980 carmen
793 3938 998 3997 pastore
1004 3927 1053 3977 le
1063 3929 1327 3978 silvestrem

310 4011 507 4056 Musam
517 4003 1051 4076 adpellat.-Profi¹sa
1067 4007 1128 4055 A.
1140 4004 1329 4057 Glossa

310 4096 494 4135 tamen
518 4083 785 4154 rescripsit
818 4084 1038 4150 perfusa.
1070 4113 1139 4123 ——
1175 4085 1329 4150 Nigro

1410 1157 1617 1225 perfusa
1645 1160 1822 1208 colore.
1846 1156 1964 1210 Jam
1987 1156 2220 1229 loquitur
2246 1160 2314 1213 de
2345 1180 2434 1216 ca-

1422 1234 1563 1287 lamo
1583 1236 1866 1307 scriptorio
1879 1276 1894 1303 ,
1926 1248 1977 1288 et
1995 1250 2313 1307 atramento,
2329 1260 2436 1313 quo

1422 1316 1709 1369 utebantur
1739 1316 1954 1369 Veteres
1981 1314 2050 1369 ad
2075 1316 2436 1381 scribendum,

1420 1392 1566 1463 quod
1582 1394 1849 1447 luculente
1864 1406 2080 1448 testatur
2089 1396 2310 1463 Persius,
2325 1400 2434 1453 Sat.

1420 1474 1522 1539 ΙΙΙ,
1544 1492 1566 1525 1
1580 1492 1602 1525 1
1625 1491 1770 1544 seqq.
1793 1475 2000 1545 «Inque
2020 1493 2209 1528 manus
2223 1477 2432 1541 chartae,

1420 1550 1726 1623 nodosaque
1743 1552 1890 1604 venit
1907 1554 2138 1607 arundo.
2154 1554 2308 1607 Tunc
2321 1577 2442 1629 que-

1419 1630 1579 1693 ritur,
1609 1650 1810 1683 crassus
1826 1632 2028 1685 calamo
2050 1632 2194 1705 quod
2215 1636 2442 1705 pendeat

1420 1704 1632 1774 humor,
1656 1710 1820 1781 Nigra
1846 1712 1992 1781 quod
2007 1712 2177 1764 infusa
2194 1732 2440 1770 vanescat

1418 1786 1556 1855 sepia
1586 1788 1802 1859 lympha
1832 1814 1875 1841 υ.
1922 1790 2056 1860 Apte
2094 1802 2267 1845 autem
2311 1794 2438 1849 dicit

1408 1866 1617 1931 perfusa
1630 1906 1645 1929 ‚
1701 1866 1824 1936 quia
1869 1870 2172 1935 perfimdere
2219 1876 2436 1947 proprie

1419 1956 1706 2013 usurpatur
1733 1942 1800 1996 de
1825 1945 2080 2013 humore,
2115 1951 2207 2020 qui
2230 1948 2431 2007 defluit.

1418 2020 1549 2074 Vid.
1575 2041 1671 2074 aen.
1693 2025 1752 2088 6,
1791 2042 1872 2076 vs.
1902 2028 1948 2077 3.
1973 2057 2044 2065 —-
2069 2028 2237 2081 Miror
2260 2044 2436 2085 autem

1417 2099 1563 2173 quod
1581 2102 1639 2154 in
1657 2100 1762 2155 hoc
1779 2102 2051 2175 aenigmate
2065 2144 2080 2169 ,
2111 2108 2249 2160 inter
2264 2112 2438 2167 varios

1418 2180 1691 2234 arundinis
1723 2201 1849 2235 usus
1881 2183 2073 2237 omissa
2116 2186 2180 2238 sit
2210 2190 2436 2245 venatio,

1418 2260 1552 2312 Nam
1570 2264 1829 2330 aucupium
1847 2266 2049 2330 calami,
2078 2265 2224 2336 quod
2241 2286 2439 2322 memo-

1418 2351 1568 2392 ratur
1593 2340 1649 2393 in
1680 2340 1844 2414 epigr.
1867 2362 1895 2395 a
1924 2344 2076 2397 nobis
2102 2357 2246 2399 tomo
2273 2347 2300 2400 I
2327 2349 2438 2422 huj.

1418 2438 1510 2491 op.
1525 2423 1696 2492 poetis
1717 2423 2046 2495 Cynegeticis
2071 2427 2329 2498 subjectu,
2355 2429 2434 2483 in-

1418 2499 1763 2572 telligendum
1797 2515 1873 2556 est
1897 2504 1966 2556 de
1991 2505 2253 2559 arundine
2286 2507 2432 2562 visco

1419 2577 1681 2643 obducta,
1709 2591 1760 2632 et
1789 2581 1970 2635 missile
2002 2583 2199 2638 ibidem
2222 2585 2437 2654 dicitur,

1417 2660 1543 2731 quia
1563 2659 1910 2730 plurimarum
1933 2662 2256 2717 arundinum
2271 2703 2286 2728 ,
2318 2685 2433 2737 quoe

1416 2732 1627 2791 extendi
1666 2750 1908 2808 poterant
1923 2780 1940 2805 ,
1980 2743 2168 2796 seriem
2209 2763 2404 2816 auceps
2423 2785 2439 2812 ,

1418 2817 1462 2870 si
1488 2837 1636 2872 avem
1659 2818 1714 2870 in
1735 2836 1945 2871 summo
1975 2821 2176 2875 arboris
2203 2820 2436 2878 culmine

1417 2894 1648 2960 videret,
1675 2897 1834 2950 tacita
1860 2915 2022 2950 manu
2055 2899 2109 2951 in
2146 2901 2308 2953 altum
2334 2903 2436 2956 eri-

1418 2975 1597 3046 gebat,
1627 2975 1797 3029 donec
1833 2991 2102 3032 crescente
2131 2999 2313 3033 earum
2347 3001 2436 3034 or-

1418 3051 1542 3108 dine
1559 3055 1787 3110 volucris
1809 3056 2178 3130 corriperetur,
2209 3071 2260 3112 et
2278 3059 2439 3114 inhau-

1418 3147 1557 3187 reret
1594 3134 1767 3198 visne,
1802 3154 1910 3206 quo
1950 3155 2191 3206 suprema
2229 3137 2440 3193 arundo

1418 3226 1533 3266 erat
1559 3211 1866 3267 circumlita.
1895 3213 2052 3268 Unde
2078 3215 2260 3282 Silius,
2277 3217 2434 3286 XIV,

1428 3295 1528 3345 262
1555 3311 1570 3345 :
1611 3293 1754 3346 «Seu
1783 3293 1909 3344 caelo
1934 3291 2091 3347 libeat
2113 3294 2324 3348 traxisse
2349 3317 2440 3350 vo-

1419 3371 1617 3424 lucrem
1630 3396 1671 3420 a.
1701 3374 1952 3423 Calamam
1972 3371 2129 3426 etiam
2148 3388 2299 3427 vocat
2312 3373 2438 3428 Pro-

1415 3451 1614 3519 pertius
1635 3489 1649 3514 ,
1678 3447 1828 3520 Eleg.
1869 3451 1958 3514 11,
1997 3449 2091 3514 '15,
2135 3461 2234 3518 24:
2269 3453 2437 3506 «Haec

1415 3527 1575 3600 igitur
1603 3527 1733 3579 mihi
1752 3528 1816 3580 sit
1835 3529 2041 3600 lepores
2063 3529 2282 3584 audacia
2303 3528 2436 3585 mol-

1416 3607 1490 3661 les
1509 3607 1789 3679 Excipere,
1815 3622 1867 3661 et
1887 3620 2088 3662 structo
2106 3611 2267 3680 figere
2285 3629 2436 3664 avem

1415 3687 1619 3741 calamo
1655 3713 1695 3738 n.
1751 3687 1895 3740 Facit
1953 3684 2060 3741 huc
2117 3689 2438 3760 epigramma

1414 3765 1592 3838 Erycii
1611 3767 1665 3818 in
1693 3767 1848 3819 Anth.
1870 3765 1964 3819 Gr.
1993 3765 2083 3818 lib.
2113 3767 2216 3834 IV,
2245 3766 2326 3820 tit.
2353 3785 2436 3832 η,

1417 3864 1500 3917 ep.
1533 3847 1623 3908 84,
1660 3863 1782 3898 cum
1820 3864 1929 3916 quo
1964 3845 2318 3916 comparanda
2344 3846 2434 3898 illa

1414 3923 1648 3997 ejusdem
1689 3925 1974 3996 Propertii,
2013 3925 2159 3996 Eleg-
2195 3926 2312 3991 111,
2348 3943 2436 3988 n,

1417 4004 1485 4068 43
1507 4022 1522 4056 :
1555 4031 1582 4050 κ
1596 4005 1662 4057 Et
1687 4004 1920 4075 leporem
1940 4005 2264 4076 quicumque
2288 4004 2439 4056 venis

1418 4081 1679 4148 venarier,
1704 4082 1924 4154 hospes,
1963 4085 2034 4136 Et
2065 4082 2110 4135 si
2147 4081 2284 4135 sorte
2317 4099 2441 4134 meo
