2964 4690
1328 357 1849 428 SYMPOSII

1173 584 1444 651 LXVI.
1496 585 1989 656 LATERNA.

621 785 984 854 Commius
1027 794 1184 875 apta
1226 782 1403 851 cavis
1424 835 1444 867 ‚
1481 784 1677 851 tereti
1711 783 2054 878 perlucida
2086 811 2289 880 gyro,

618 894 877 962 Lumen
913 890 1167 959 habens
1211 891 1393 959 intus
1430 890 1641 962 divini
1685 892 1917 962 sideris
1952 895 2183 978 instar,

615 1002 949 1072 Noctibus
991 1001 1063 1069 in
1107 1001 1344 1070 mediis
1380 1000 1615 1070 facicm
1657 1026 1795 1071 non
1833 1003 2038 1097 perdo
2076 1003 2358 1074 dierum.

592 1235 637 1270 1.
667 1217 898 1268 Cornibus
913 1229 1034 1284 apta
1056 1216 1208 1276 cavis,
1225 1215 1263 1267 i.
1293 1233 1344 1267 e.
1365 1225 1539 1286 aptata

517 1309 568 1350 et
585 1294 875 1368 composita
895 1313 926 1348 e
943 1293 1196 1348 cornibus
1223 1293 1384 1347 cavis.
1407 1299 1541 1362 Apta

515 1377 654 1431 enim
680 1374 897 1447 proprie
925 1385 1001 1428 est
1031 1373 1367 1446 participium
1389 1373 1541 1428 verbi

515 1455 736 1508 obsoleti
771 1466 920 1522 apere
945 1453 1030 1506 vel
1057 1456 1247 1520 apisci,
1277 1451 1424 1526 quod
1445 1471 1540 1506 ne—

515 1547 684 1600 ctere,
708 1530 794 1586 vel
817 1533 1152 1586 conformare
1186 1532 1539 1605 significabat.

516 1613 670 1686 Vin-g.
695 1612 892 1684 Geor-g.
914 1613 1028 1676 111,
1051 1614 1177 1666 168:
1197 1613 1360 1685 «ipsis
1383 1631 1412 1664 e
1432 1623 1539 1664 tor·

519 1696 712 1768 quibus
749 1709 900 1766 aptos
937 1693 1112 1765 Junge
1153 1711 1306 1764 pares
1329 1719 1382 1760 ι,
1414 1693 1451 1746 i.
1493 1711 1539 1745 e.

518 1772 780 1845 adligatos
806 1785 859 1826 et
893 1790 1071 1825 nexos.
1107 1771 1271 1829 Plura
1297 1772 1540 1845 exempla

519 1850 609 1904 dat
633 1852 888 1904 flamna.
913 1881 986 1890 —-
1001 1851 1046 1902 E
1075 1869 1244 1904 cornu
1271 1851 1541 1904 confectas

519 1930 679 1984 fuisse
703 1930 956 1994 laternas,
979 1929 1062 1982 vel
1076 1928 1211 1982 illud
1234 1930 1541 1984 Plautinum

518 2008 708 2069 docet,
729 2007 925 2079 Amph.
959 2007 1008 2069 1,
1037 2025 1086 2075 1,
1121 2008 1218 2062 185
1243 2029 1257 2062 ε
1303 2010 1541 2062 -Vulca·

499 2107 648 2146 ‚num
683 2087 739 2139 in
771 2104 939 2140 cornu
978 2085 1292 2140 conclusum
1325 2089 1464 2159 geris
1486 2107 1540 2152 =·;

517 2179 636 2220 tum
663 2166 898 2219 Martial.
929 2165 1084 2231 XIV,
1113 2169 1213 2231 62,
1245 2166 1342 2219 ubi
1371 2167 1439 2220 de
1462 2169 1540 2222 la·

517 2259 671 2300 terna
715 2265 746 2298 e
785 2245 962 2299 vesica
1000 2263 1013 2296 ε
1056 2271 1081 2291 α
1106 2247 1312 2299 Cornea
1355 2247 1400 2300 si
1429 2267 1541 2301 non

517 2345 667 2394 sum,
692 2323 956 2397 numquid
994 2342 1111 2379 sum
1153 2323 1391 2379 fuscior?
1413 2354 1438 2373 ιι
1466 2360 1538 2369 -

507 2409 765 2460 Perlucida
775 2407 902 2456 viv-o
913 2405 1029 2457 Per.
1048 2417 1100 2458 et
1118 2404 1257 2458 Pith.
1272 2411 1399 2474 per-1.
1408 2426 1538 2475 gyro

513 2486 655 2540 Cast.
682 2496 735 2538 et
759 2483 972 2555 reliqui.
997 2482 1106 2536 Etsi
1133 2502 1261 2537 vero
1289 2488 1416 2538 νίεω
1443 2504 1535 2538 an-

515 2563 805 2638 tiquiorum
824 2560 947 2615 edd.
965 2563 1280 2616 auctoritate
1297 2564 1434 2617 valet
1447 2604 1463 2627 ,
1479 2564 1537 2618 id

513 2654 692 2697 tamen
724 2642 984 2715 glossema
1018 2654 1070 2695 et
1093 2642 1536 2714 interpretamen-

512 2736 628 2776 tum
655 2740 794 2782 esse,
837 2732 888 2773 et
912 2722 967 2773 τὸ
987 2740 1124 2790 grm
1141 2720 1534 2792 proferendum

511 2812 657 2875 puto.
695 2798 842 2853 Illud
882 2800 1023 2854 enim
1054 2800 1258 2853 illustre
1298 2802 1455 2854 nimis
1481 2813 1536 2854 et

509 2879 839 2934 manifestum
877 2878 1136 2933 indicium
1173 2879 1393 2933 laterna
1422 2894 1529 2943 est,

508 2958 772 3031 anigmati
805 2959 987 3011 miuus
1023 2957 1275 3011 idoneum
1298 3000 1313 3024 ,
1357 2978 1535 3032 eoque

509 3038 624 3111 ipso
646 3049 948 3109 suspectum
964 3077 980 3101 ‚
1009 3036 1158 3108 quod
1187 3058 1216 3091 e
1232 3038 1370 3091 vitro
1388 3056 1533 3091 com·

507 3116 733 3189 positam
759 3116 1016 3168 laternam
1039 3114 1197 3179 dicit,
1225 3135 1386 3187 quam
1409 3130 1531 3171 ante

508 3197 732 3246 comibus
750 3208 916 3262 aptam
931 3193 1158 3246 dixerat.
1181 3200 1414 3247 —Tereta
1427 3218 1535 3265 pen-

507 3278 674 3326 !ueida
691 3292 843 3343 gyro,
861 3273 918 3327 h.
943 3292 989 3327 e.
1014 3275 1218 3329 circum
1245 3276 1388 3329 circa
1405 3296 1530 3351 per·

505 3352 658 3405 luceo
685 3364 738 3405 et
761 3352 939 3405 lumen
966 3352 1136 3407 fundo
1155 3355 1212 3409 in
1232 3358 1416 3409 orbem
1443 3357 1531 3411 vel

505 3446 698 3502 gyrum
714 3468 731 3495 ‚
757 3448 787 3482 e
807 3431 1022 3484 materia
1046 3434 1234 3504 quavis
1259 3436 1428 3506 polita
1452 3436 1530 3488 fa·

505 3520 679 3574 ctum,
706 3527 811 3580 quo
839 3527 956 3562 sum
983 3513 1246 3567 conclusa.

583 3598 629 3632 a.
657 3584 835 3631 Lumen
872 3584 1057 3634 habens
1075 3586 1204 3635 inem
1226 3587 1381 3636 divini
1398 3587 1525 3637 side·

1626 1217 1693 1265 ris
1711 1218 1890 1279 instar,
1910 1217 1963 1268 h.
1985 1237 2035 1270 e.
2058 1217 2263 1271 Lumen
2276 1235 2455 1270 meum
2468 1257 2485 1284 ‚
2502 1215 2653 1290 quod

1627 1294 1769 1348 intus
1800 1314 1953 1367 gero,
1980 1297 2155 1350 simile
2188 1310 2267 1352 est
2304 1295 2465 1350 sideri
2491 1297 2653 1350 alicui

1628 1375 1819 1428 caelesti
1836 1417 1853 1442 ‚
1902 1375 2049 1449 quod
2109 1389 2269 1430 noctu
2320 1378 2477 1430 lucet.
2530 1376 2653 1428 Hoc

1628 1453 1801 1524 ipsum
1866 1456 2152 1529 significari
2202 1456 2416 1510 videtur
2471 1455 2653 1509 verbis

1626 1533 1910 1597 Martialis,
1949 1536 2097 1602 XIV,
2118 1541 2215 1589 διε
2243 1561 2269 1582 α
2288 1539 2409 1591 Dux
2442 1535 2653 1588 laterna

1628 1611 1727 1663 vio
1763 1614 1953 1667 clausis
1978 1615 2122 1667 feror
2149 1633 2309 1668 aurea
2342 1612 2570 1666 flammis
2588 1637 2615 1657 ι·
2630 1651 2648 1676 ,

1628 1689 1668 1744 i.
1698 1709 1743 1743 e.
1758 1691 1987 1747 flammis
2012 1694 2140 1746 meis
2158 1693 2373 1746 inclusis
2395 1691 2540 1745 velut
2562 1709 2651 1744 au-

1626 1787 1778 1822 reum
1796 1770 1942 1825 sidus
1958 1773 2134 1825 luceo.
2155 1773 2243 1827 Sic
2262 1772 2417 1825 etiam
2440 1771 2497 1823 in
2520 1770 2651 1841 Epi-

1626 1849 1756 1903 thal.
1781 1851 1940 1904 Laur.
1967 1871 2016 1904 v.
2042 1851 2131 1920 59,
2146 1853 2293 1924 ignes
2312 1861 2363 1904 et
2387 1849 2571 1920 lychni
2588 1849 2649 1900 in

1628 1929 1763 1982 atrio
1780 1931 2023 2001 suspensi
2038 1943 2297 1983 vocantur
2315 1931 2563 1982 stellantia
2579 1931 2651 1979 Iu-

1630 2027 1784 2059 mula·

1700 2087 1747 2139 3.
1781 2089 2010 2139 Noctibus
2050 2091 2101 2140 in
2136 2091 2308 2141 mediis
2318 2089 2516 2157 faeiem
2542 2103 2646 2136 non

1618 2169 1777 2235 perdo
1796 2169 1980 2218 dierum
1998 2183 2178 2220 omnes
2192 2167 2342 2221 editi.
2378 2165 2537 2218 Hunc
2555 2181 2647 2216 au-

1627 2257 1737 2297 tem
1760 2263 1971 2298 versum
2006 2245 2081 2298 sic
2112 2243 2356 2299 emendat
2386 2243 2646 2295 Heuman.

1626 2327 1856 2377 Noctibus
1873 2344 1935 2377 en
1954 2326 2477 2395 mediisface‘empmpe
2490 2323 2647 2373 mado

1626 2406 1827 2457 dierum.
1852 2404 1955 2457 Sed
1980 2405 2250 2475 vulgatam
2268 2413 2485 2457 auctore
2508 2400 2642 2452 nni·

1623 2494 1863 2555 gnatum
1905 2483 2179 2555 indiguam
2222 2501 2333 2535 esse
2348 2522 2364 2547 ,
2404 2479 2531 2552 quis
2564 2478 2645 2531 illi

1624 2562 1803 2616 credet
1820 2604 1835 2629 ,
1858 2582 2026 2635 quum
2063 2564 2132 2617 sit
2159 2562 2425 2617 intellectu
2460 2558 2645 2613 facilli·

1625 2642 1746 2695 ma?
1766 2645 1845 2695 Ita
1866 2642 2038 2716 Heyn.
2063 2674 2134 2684 —
2158 2646 2353 2695 faeiem
2374 2658 2474 2692 non
2486 2642 2643 2709 perdo

1622 2724 1828 2787 dierum,
1856 2722 1914 2778 h.
1944 2742 1992 2777 e.
2026 2723 2190 2791 facio,
2214 2734 2274 2776 ut
2298 2732 2463 2775 noctu
2480 2719 2643 2773 facies

1621 2800 1796 2873 aliqua
1814 2801 1945 2863 diei,
1965 2820 2056 2855 seu
2085 2800 2373 2855 similitudo
2396 2797 2643 2873 quodam

1620 2880 1755 2933 lucis
1784 2879 1989 2934 diurno
2020 2894 2247 2936 maneat.
2280 2882 2366 2935 sic
2388 2877 2638 2933 Prudeut.

1621 2958 1861 3012 Cathem.
1892 2961 1962 3021 V,
1994 2980 2087 3032 27,
2124 2960 2193 3015 de
2220 2959 2445 3013 lucernis
2476 2968 2643 3011 noctu

1620 3038 1857 3093 accensis
1876 3058 1889 3092 ε
1923 3064 1947 3087 ι
1966 3042 2357 3111 Absentemque
2376 3038 2522 3091 diem
2546 3038 2643 3089 lux

1619 3118 1727 3189 agit
1748 3118 1931 3170 amula
1947 3158 1963 3185 ,
1988 3120 2167 3185 Quam
2186 3138 2289 3171 nox
2318 3134 2445 3171 cum
2466 3116 2642 3169 lacero

1621 3196 1766 3249 victa
1788 3195 1924 3267 fugit
1942 3198 2099 3269 peplo
2116 3222 2139 3243 n
2153 3238 2170 3263 ‚
2190 3209 2251 3250 ut
2268 3197 2418 3267 Virg.
2438 3196 2561 3247 AEn.
2581 3194 2609 3245 1
2623 3232 2640 3257 ‚

1623 3275 1747 3344 731,
1772 3274 1905 3328 dicit
1926 3293 1939 3327 :
1960 3288 2208 3330 «noctem
2232 3274 2459 3329 flammis
2492 3274 2643 3327 funa-

1619 3353 1687 3405 lia
1710 3354 1929 3405 vincunt
1957 3379 2004 3407 ι.
2034 3356 2080 3407 Ε
2103 3354 2371 3409 contrario
2390 3370 2403 3404 :
2422 3378 2450 3399 a
2466 3352 2642 3406 noetis
2676 3406 2683 3410 .

1621 3432 1811 3485 faciem
1846 3432 2064 3487 nebulas
2106 3433 2291 3487 fecisse
2321 3432 2563 3485 volucres
2580 3457 2645 3495 ·‚

1618 3511 1801 3564 scribit
1836 3510 1999 3565 ovid.
2040 3512 2167 3567 Met.
2210 3514 2276 3579 Ι,
2307 3514 2431 3565 60².
2474 3510 2641 3565 Conf.

1617 3592 1771 3661 oenig.
1789 3590 1947 3643 vm.

1277 3818 1865 3857 w
