2964 4690
491 371 585 442 68

1227 369 1889 440 COLUMELLA

587 498 789 567 Nunc
830 519 948 563 vos
983 492 1385 587 chasidum
1421 494 1697 562 comites
1736 486 2135 564 Acheloidas
2172 515 2326 578 ore,

587 601 1151 698 Maenalidumque
1171 603 1412 673 choros
1433 601 1779 697 Dryadum
1792 656 1813 690 ‚
1842 601 2299 697 nymphasque
2318 604 2625 697 NapaeaS,

588 714 758 803 Quae
789 711 1006 782 colitis
1041 737 1275 782 nemus
1293 712 1688 807 Amphrysi,
1726 736 1873 806 quae
1886 710 2199 782 Thessala
2224 717 2497 808 Tempe,
2548 739 2623 778 ,σε

581 824 758 912 Quae
785 823 952 918 juga
979 820 1322 916 Cyneum,
1359 835 1429 890 et
1461 821 1659 916 opaci
1692 845 1850 890 rura
1884 823 2143 916 Lycaei,

583 937 928 1028 Antraque
967 931 1274 1002 Castaliis
1309 955 1571 1027 semper
1612 931 1909 1000 rorantia
1946 933 2182 1025 guttiS‚

578 1046 665 1113 Et
703 1068 851 1138 quae
889 1043 1136 1114 Sicanii
1173 1043 1370 1112 flores
1406 1041 1661 1136 legistis
1696 1040 1951 1126 Halesi,

579 1156 811 1243 Quum
843 1155 1104 1223 Cereris
1139 1152 1359 1248 proles
1392 1153 1631 1222 vestris
1669 1153 1929 1220 intenta
1966 1151 2227 1222 choreis

581 1265 890 1360 AEquoris
917 1265 1196 1336 Hennaei
1231 1263 1580 1333 vernantia
1617 1259 1757 1332 lilia
1792 1261 2070 1355 carpsit,
2540 1299 2617 1339 η..

481 1473 610 1517 rem,
653 1463 811 1524 atque
839 1469 943 1504 una
983 1468 1106 1504 cum
1144 1461 1262 1504 ture
1285 1448 1473 1503 Sabaio
1492 1489 1508 1513 ,

479 1551 590 1604 quo
616 1529 976 1584 incenduntur
1015 1547 1150 1594 arm,
1192 1527 1389 1601 templa
1407 1529 1511 1582 fra·

482 1609 690 1682 gramis
715 1609 800 1662 sui
823 1607 1006 1662 odoris
1033 1607 1238 1678 implet.
1264 1607 1424 1660 Turis
1457 1619 1511 1662 et

481 1688 673 1742 florum
693 1687 924 1741 odores
907 1705 964 1740 ιιι
979 1685 1145 1740 sacris
1165 1687 1398 1740 Deorum
1421 1703 1511 1740 aa·

478 1787 547 1840 pe
565 1768 980 1838 conjunguntur.
996 1764 1146 1836 Virg.
1160 1767 1283 1818 AEn.
1307 1765 1498 1836 1,4.17

475 1846 712 1901 «sabao
737 1845 886 1898 Ture
902 1843 1076 1896 calent
1091 1861 1218 1906 aro,
1243 1843 1500 1916 sertisque

483 1925 783 1978 recentibus
806 1921 1055 1974 halant..

549 2001 670 2056 363.
701 2003 894 2055 Comitis
915 2001 1205 2052 Acheloidas
1245 1999 1396 2053 Dem.
1422 2029 1497 2042 —-

474 2084 766 2151 Pegasidum
783 2081 978 2134 comites
999 2080 1312 2130 Acheloum.
1325 2078 1497 2132 Ache-

469 2160 640 2214 loides
661 2157 880 2232 proprie
923 2155 1138 2228 quidem
1179 2169 1302 2209 sunt
1335 2175 1493 2230 nym-

467 2244 586 2312 pha
610 2237 848 2296 Acheloi.
874 2235 966 2308 qui
983 2233 1178 2288 fluvius
1204 2248 1316 2302 est,
1352 2237 1499 2290 AEto-

469 2317 592 2372 liam
631 2315 701 2370 ab
743 2313 1038 2369 Acarnania
1079 2311 1354 2378 dividens3
1399 2313 1495 2371 sed

472 2394 832 2469 metonymice
851 2411 1039 2446 omnes
1068 2382 1326 2459 Naiadea,
1343 2412 1497 2465 nym-

468 2478 590 2551 pho
620 2476 852 2530 fontana
873 2471 960 2525 vel
981 2470 1290 2535 amnicoln,
1309 2484 1367 2525 ut
1384 2490 1495 2527 una

469 2573 655 2611 earum
683 2555 916 2606 Achelois
943 2549 1142 2603 dicitur
1174 2550 1242 2603 ab
1277 2562 1493 2604 auctore

471 2638 656 2708 Οορω,
691 2652 746 2686 v.
798 2630 878 2685 15.
915 2632 1050 2685 Nam
1086 2628 1286 2682 Achelt
1289 2648 1350 2682 us
1391 2648 1492 2701 pm

467 2713 654 2787 quavis
689 2728 824 2783 aqua
861 2708 1076 2782 ponitur
1099 2726 1134 2761 a
1159 2708 1349 2781 poetis.
1395 2711 1490 2759 Co-

467 2798 604 2846 mites
631 2794 921 2861 Pegasidum
967 2789 1052 2841 vel
1081 2788 1358 2843 Musarum
1384 2787 1493 2841 dici

465 2870 784 2931 Acheloidas
833 2868 1076 2929 arbitror,
1119 2866 1248 2940 quia
1291 2867 1490 2932 Musa,

466 2949 754 3024 Pegasides
781 2948 850 3001 ab
875 2946 1242 3018 Hippocrene,
1279 2945 1491 3000 Helico.

467 3033 552 3087 nis
577 3032 742 3095 fonte,
771 3026 926 3081 dicta
939 3064 954 3089 ‚
990 3026 1104 3096 ejus
1137 3025 1296 3079 fontis
1339 3046 1491 3099 nym-

465 3110 588 3182 pha
639 3118 792 3171 sint,
839 3124 1009 3177 eoque
1049 3103 1202 3157 socia
1248 3104 1488 3158 aliarum.

467 3186 743 3261 Nymphas
780 3203 904 3238 cnm
943 3182 1107 3239 Musis
1147 3182 1204 3235 in
1230 3182 1489 3237 Helicone

465 3268 658 3319 choros
675 3264 872 3318 ducere
888 3282 962 3318 ex
979 3263 1196 3336 antiqua
1210 3262 1398 3334 AEsopi
1417 3262 1489 3315 sa-

466 3346 592 3400 bula
609 3354 793 3397 narrat
808 3341 1098 3405 Himerius,
1111 3342 1261 3396 Orat.
1283 3340 1408 3408 XX,
1437 3360 1487 3395 3.

535 3426 656 3489 364.
677 3424 1018 3490 Menalioeque
1041 3425 1106 3476 D.
1127 3421 1188 3474 P.
1209 3426 1267 3474 1..
1289 3426 1482 3473 Mana-

1597 1465 1721 1501 rum
1734 1447 1997 1522 Nymphae
2022 1459 2169 1510 snut,
2196 1447 2430 1518 plurium
2450 1449 2611 1520 regio-

1596 1544 1747 1590 num,
1774 1545 2057 1581 nemorum
2082 1538 2135 1580 et
2166 1525 2474 1594 fluminum,
2494 1545 2614 1598 quo

1596 1605 1665 1659 ab
1703 1609 2007 1662 amoenitate
2030 1619 2083 1662 et
2118 1605 2313 1660 florum
2349 1605 2613 1660 fertilitate

1596 1685 1947 1740 celebrantur.
1972 1687 2120 1753 Quas
2135 1704 2319 1740 omnes
2338 1686 2433 1739 ubi
2456 1697 2611 1757 poeta

1598 1764 1657 1817 in
1681 1765 1864 1819 hortos
1892 1785 2015 1819 suos
2042 1766 2251 1830 invitat,
2274 1777 2333 1818 ut
2357 1765 2513 1818 flores
2537 1766 2611 1818 le-

1586 1856 1713 1913 gant
1732 1882 1749 1908 ‚
1796 1845 2003 1916 poetica
2058 1843 2287 1916 quadam
2334 1844 2605 1918 phantasia

1582 1921 1720 1974 nibil
1743 1921 1918 1984 aliud,
1944 1941 2108 1994 quam
2128 1924 2359 1996 copiam,
2386 1923 2609 1978 varieta-

1583 2009 1687 2052 tem
1728 2002 2187 2074 amoenitatemque
2227 2000 2421 2055 florum
2462 2017 2607 2056 nunc

1582 2076 1639 2130 in
1658 2075 1829 2132 hortis
1854 2079 2214 2144 vernantium,
2229 2080 2531 2153 variamque
2540 2099 2607 2134 ex

1583 2155 1649 2208 iis
1680 2156 1989 2230 capiendam
2020 2158 2345 2230 voluptatem
2370 2171 2426 2212 et
2458 2159 2603 2214 oble-

1586 2235 1870 2288 ctationem
1904 2235 2127 2308 pingere
2151 2249 2391 2290 conatur.

1656 2313 1776 2366 365.
1802 2317 2163 2383 Amphrysique
2200 2329 2251 2367 ee
2282 2315 2427 2369 Jens.
2454 2315 2515 2371 Β.
2538 2319 2599 2371 R.

1582 2394 1875 2461 Amphryssi
1852 2392 1961 2445 1.L
1985 2392 2047 2444 D.
2068 2422 2138 2433 -·-
2170 2400 2297 2461 Qua
2322 2397 2479 2447 colitis
2514 2417 2601 2449 ne-

1583 2488 1706 2521 mus.
1732 2473 2040 2539 Amphrysus
2064 2481 2141 2525 est
2158 2470 2357 2529 fluvius
2378 2470 2605 2529 Thessa-

1581 2547 1688 2612 lia,
1720 2552 1918 2614 &Uene
1950 2560 2005 2603 et
2040 2556 2242 2615 Lyca-us·
2274 2561 2478 2605 montes
2503 2555 2603 2606 Ar·

1580 2626 1767 2681 cadiae.
1828 2631 2073 2681 Castalius
2110 2628 2194 2683 vel
2230 2634 2448 2683 castalia
2482 2632 2600 2687 fons

1581 2706 1637 2759 in
1660 2705 1930 2761 radicibus
1955 2708 2221 2771 Parnassi,
2240 2710 2407 2763 Musis
2430 2730 2596 2766 sacer.

1580 2790 1789 2839 Halesus
1816 2787 1902 2841 vel
1927 2792 2123 2841 Ala-sus
2159 2787 2355 2844 fluvius
2380 2791 2567 2847 sicilia
2580 2828 2597 2853 ,

1554 2884 1702 2923 ,cum
1728 2870 1915 2919 Haleso
1952 2868 2087 2921 urbe
2102 2908 2119 2935 ‚
2151 2866 2241 2920 ubi
2282 2868 2593 2942 Proserpina

1577 2944 1732 2999 flores
1758 2946 1979 3017 legebat.
2012 2946 2261 3001 Diversus
2284 2948 2353 2999 ab
2386 2966 2449 3002 eo
2474 2950 2595 3003 fons

1577 3024 1833 3078 mirabilis
1874 3026 1930 3079 in
1969 3044 2099 3099 agro
2126 3028 2375 3081 Haleaino
2391 3065 2407 3091 ,
2434 3046 2593 3099 quem

1577 3102 1877 3157 Priscianus
1908 3104 1967 3157 in
1992 3104 2194 3179 Perieg.
2222 3125 2284 3159 ex
2304 3106 2483 3161 Solino
2504 3107 2591 3162 de-

1576 3182 1755 3235 scribit
1772 3222 1789 3249 ‚
1810 3203 1862 3236 v.
1892 3189 1994 3252 499
2013 3202 2157 3258 seqq.
2181 3183 2507 3242 Claudianus
2526 3187 2595 3242 de

1574 3264 1730 3333 Rapt.
1757 3262 1904 3315 Pros.
1935 3260 2027 3315 lib.
2048 3264 2127 3328 11,
2151 3264 2215 3330 57
2240 3283 2349 3338 seq.
2368 3266 2593 3321 aliorum

1576 3343 1805 3398 fontium
1870 3357 1923 3399 et
1976 3345 2259 3400 fluminum
2310 3346 2595 3420 Nymphas

1572 3424 1893 3495 Proserpina
1933 3424 2188 3488 comites,
2226 3444 2335 3479 non
2384 3426 2593 3493 Halesi,

461 3508 650 3573 lio-eque
673 3502 761 3555 Sa.
787 3505 1155 3569 Uestaliumque
1179 3501 1227 3556 J.
1269 3503 1480 3553 uenali·
1569 3502 1837 3565 nominat,
1853 3513 1911 3556 ut
1929 3502 2127 3557 Crinisi
2140 3544 2157 3571 ‚
2180 3503 2464 3576 Pantagioe,
2490 3505 2595 3557 Ge·

460 3588 674 3651 dunque
683 3582 744 3635 B.
757 3582 822 3632 R.
840 3582 1260 3647 Menalidumque
1273 3579 1477 3632 Buebn.
1566 3580 1654 3644 loe,
1690 3582 1962 3635 Arethusa
1978 3620 1993 3647 ,
2040 3583 2261 3655 Cyanes.
2282 3614 2355 3625 —-
2388 3588 2592 3637 The-sela

455 3674 510 3716 et
534 3662 682 3714 Jnnt.
705 3662 993 3711 Maenalium
1019 3660 1081 3709 A.
1119 3659 1244 3729 Arg.
1280 3656 1396 3710 niv.
1423 3668 1476 3709 et
1564 3661 1623 3712 R.
1655 3665 1857 3713 Tesalla
1882 3662 1949 3715 L.

457 3740 528 3793 al.
552 3742 794 3791 Dn'adum
819 3739 872 3791 J.
897 3738 960 3791 B.
991 3738 1057 3789 R.
1085 3740 1289 3806 Napeas
1329 3736 1396 3789 D.
1424 3736 1473 3790 J.

457 3820 516 3873 B.
537 3820 598 3875 R.
627 3818 676 3871 J.
703 3818 757 3870 J.
784 3817 858 3870 Η.
901 3820 962 3869 Δ.
993 3816 1118 3887 Arg.
1161 3814 1256 3869 Gr.
1293 3814 1368 3869 St.
1403 3845 1475 3855 —

453 3900 874 3965 manendumque
896 3898 1070 3947 choros
1095 3898 1372 3959 Dryadum.
1389 3894 1474 3946 In·

451 3990 606 4031 vocat
619 3989 774 4050 poeta
789 3975 846 4027 in
861 3974 1206 4047 sequentibus
1213 3978 1471 4041 Dryadas,

1636 3742 1753 3809 367.
1783 3742 1918 3791 Casis
1938 3740 1994 3793 P.
2028 3744 2263 3795 &sulcis
2284 3743 2432 3795 Jens.

1637 3818 1755 3870 368.
1780 3821 1980 3871 Siceani
1998 3821 2064 3872 D.
2080 3824 2299 3875 Siccanii
2322 3821 2390 3873 H.
2421 3820 2487 3874 G.

1638 3899 1760 3963 369.
1792 3903 1981 3949 Ineecta
2008 3901 2077 3951 D.
2107 3904 2288 3951 nostris
2310 3902 2497 3951 meacm
2522 3901 2586 3953 L.

1637 3994 1759 4046 ²7⁰·
1798 3978 1971 4029 AEcnei
2007 3977 2056 4030 J.
2079 3976 2139 4031 Β.
2168 3978 2227 4031 R.
2260 3978 2327 4031 Η.
2367 3977 2462 4031 Gr.
2500 3984 2595 4031 ,Ε-

451 4073 569 4129 qun
597 4056 860 4119 saltuum,
889 4066 942 4107 et
969 4058 1220 4121 Napaeas,
1243 4070 1360 4125 quo
1381 4050 1474 4106 flo·
1564 4057 1699 4107 abaci
1722 4055 1771 4107 J.
1792 4055 1844 4107 J.
1871 4056 1935 4107 A.
1965 4056 2030 4109 G.
2056 4059 2233 4109 mebi
2257 4074 2304 4111 a.
2339 4058 2399 4111 P.
2422 4060 2593 4110 hetnae·
