2964 4690
558 377 690 478 196

1327 385 1895 456 MAXIMIANI

609 599 612 602 ἡ
738 508 1072 602 Quodque
1107 509 1290 576 omni
1333 524 1434 589 est
1465 509 1654 603 pejus
1690 507 1958 593 funere,
1998 505 2165 576 velle
2202 509 2395 578 mori.

643 622 823 688 Dum
853 617 1143 711 juvenile
1175 617 1407 704 dcem,
1447 618 1609 687 dum
1645 642 1833 686 mens
1861 641 2218 711 sensusque
2243 617 2579 702 manebat,

742 731 990 798 Orator
1025 743 1168 797 toto
1199 726 1414 797 clarus
1451 729 1519 796 in
1556 728 1719 797 orbe
1747 727 1863 796 fui.

643 842 830 932 Saepe
871 854 1216 931 poetarum
1251 837 1597 907 mendacia
1630 836 1849 906 dulcia
1886 835 2077 921 finxi,

739 951 826 1015 Et
860 972 1049 1016 veros
1094 945 1323 1015 titulos
1367 972 1470 1016 res
1515 941 1678 1016 mihi
1718 947 1872 1016 ficta
1920 945 2136 1014 dabat.

642 1060 828 1150 Saepe
865 1071 1167 1150 perorata
1204 1058 1485 1152 praecepi
1524 1056 1636 1126 lite
1682 1081 2030 1136 coronam,

738 1171 826 1236 Et
864 1165 1016 1234 data
1052 1180 1207 1234 sunt
1249 1164 1492 1261 linguae
1527 1167 1794 1261 praemia
1838 1165 2039 1260 digna
2077 1187 2268 1252 meae3

641 1277 808 1363 Quae
844 1299 1050 1368 quum
1088 1273 1356 1343 defectis
1388 1275 1526 1369 jam
1572 1290 1728 1344 sunt
1764 1275 2121 1342 immortua
2152 1273 2493 1361 membris,
2619 1300 2667 1340 ις

737 1379 916 1452 Heu!
957 1383 1226 1454 senibus
1259 1384 1410 1454 vitae
1445 1386 1670 1480 portio
1712 1399 1963 1478 quanta
2000 1383 2273 1454 manet?

551 1559 603 1600 et
627 1547 694 1599 al.
714 1546 806 1600 sed
819 1549 1104 1616 gratissima
1123 1552 1247 1601 loeeis
1273 1548 1472 1602 habeut
1489 1548 1562 1602 V.

549 1626 649 1679 Gr.
689 1627 754 1678 L.
793 1626 862 1678 G.
903 1628 1000 1682 Pu.
1033 1659 1104 1670 —
1147 1629 1214 1680 Et
1244 1628 1347 1681 hoc
1391 1628 1567 1700 poscit

1729 1547 1814 1602 13.
1849 1554 2127 1600 Per-oratam
2164 1547 2231 1600 G.
2266 1551 2462 1618 percepi
2498 1549 2563 1602 G.
2594 1550 2659 1602 Α.

1654 1626 1754 1680 Ριι.
1786 1627 1867 1679 Pi.
1892 1627 1958 1679 Ο.
1986 1625 2299 1679 recentiores
2326 1645 2449 1679 curn
2484 1628 2663 1698 msptis

555 1721 703 1757 mens
741 1706 965 1759 auctoris
981 1748 997 1773 ,
1029 1725 1189 1778 quam
1229 1708 1383 1760 etiam
1414 1725 1565 1779 repe·
1646 1709 1877 1775 proecepi.
1895 1736 1966 1746 —
1991 1711 2220 1756 Paroraia
2242 1709 2353 1772 lite,
2381 1704 2437 1757 h.
2470 1725 2519 1758 e.
2543 1724 2665 1759 con-

554 1782 676 1837 tisse
703 1783 911 1837 videtur
935 1785 1072 1838 infra
1105 1805 1156 1838 v.
1183 1785 1296 1838 115.
1323 1785 1422 1839 Hic
1446 1805 1569 1855 gra·

556 1865 744 1913 tissima
779 1869 846 1930 τῷ
880 1865 1042 1930 gravis
1081 1864 1391 1935 opponitur.
1426 1863 1533 1917 En.

625 1942 675 1994 8.
700 1943 838 1991 Velle
861 1943 987 1992 moti
1000 1980 1016 2006 ,
1045 1940 1098 1993 h.
1141 1959 1187 1994 e.
1217 1942 1350 1993 Tam
1377 1942 1571 1995 misero

553 2030 692 2073 statu
729 2036 869 2086 esse,
905 2030 966 2071 ut
997 2019 1132 2071 nihil
1160 2032 1372 2091 optare,
1409 2037 1571 2092 quam

554 2110 794 2164 mortem,
812 2098 1064 2169 supersit,
1091 2116 1260 2169 eoque
1280 2117 1435 2153 sensu
1451 2117 1575 2152 con·

555 2176 708 2229 tinuo
741 2176 999 2244 cruciari,
1025 2175 1082 2228 id
1117 2195 1242 2228 vero
1279 2181 1430 2250 pejus
1459 2177 1574 2249 ipsa

557 2269 726 2310 morte
761 2269 852 2311 est.
891 2261 972 2313 De
999 2256 1226 2309 formula
1274 2261 1406 2309 velle
1448 2259 1574 2308 mon·

559 2336 641 2408 egi
665 2337 789 2390 oiim
827 2335 894 2390 ad
921 2337 1039 2391 Sev.
1067 2335 1245 2389 Sancti
1266 2336 1570 2390 carm.buc.

561 2434 640 2467 vs.
675 2420 761 2485 76.
805 2446 875 2456 —-
917 2414 1088 2487 Hujus
1128 2415 1303 2487 operis
1349 2425 1474 2467 tom.
1509 2416 1537 2466 1
1555 2452 1573 2479 ,

563 2508 619 2566 p.
649 2495 766 2547 583.
789 2495 892 2547 En.

635 2593 684 2642 9.
703 2578 928 2625 Manent
943 2572 1012 2625 V.
1025 2574 1087 2625 L.
1099 2570 1166 2625 G.

645 2672 666 2705 1
681 2671 728 2705 1.
755 2650 869 2705 Hoc
889 2651 1152 2705 distichon
1177 2668 1298 2705 cum
1325 2661 1575 2722 sequente

561 2730 914 2802 transponitur
951 2730 1006 2782 in
1047 2728 1168 2783 cod.
1213 2730 1279 2781 R.
1298 2760 1366 2769 --
1396 2736 1572 2781 Poem—

563 2830 666 2861 rum
691 2812 951 2861 mendacia
969 2812 1133 2860 dulcia
1141 2811 1305 2881 finxi,
1333 2808 1570 2861 carmina

563 2890 662 2943 lusi
683 2889 805 2942 ficto
819 2898 1149 2958 argumento.
1170 2889 1350 2939 Dulcia
1369 2890 1571 2938 menda-

563 2972 662 3031 cia,
687 2984 803 3037 quae
829 2964 1126 3019 oblectandi
1161 2984 1343 3019 caussa
1375 2965 1577 3035 fingun-

565 3062 672 3099 tur.
687 3046 771 3099 Sic
798 3056 849 3098 et
861 3044 950 3097 alii
968 3041 1035 3096 de
1048 3044 1216 3113 poetis
1231 3084 1247 3111 ‚
1261 3042 1421 3096 ovid.
1435 3042 1572 3096 Fast.

567 3127 663 3187 VI,
693 3125 792 3178 253
830 3145 844 3176 ε
897 3151 920 3171 ι
942 3124 1146 3179 valeant
1187 3123 1454 3177 mendacin
1479 3142 1573 3177 va·

567 3214 680 3255 tum
701 3228 743 3255 ι.
770 3202 1006 3256 Lucilius
1031 3206 1173 3256 AEtn.
1189 3202 1318 3257 566:
1341 3226 1364 3249 ι
1385 3201 1575 3256 veteris

571 3280 844 3337 mendacin
883 3282 1032 3335 famo
1057 3306 1105 3345 ιι,
1129 3298 1245 3352 quae
1269 3280 1458 3335 fabulis
1484 3300 1571 3335 ve-

570 3371 744 3413 terum
765 3374 1035 3431 poetarum
1061 3361 1319 3414 celebrata
1343 3372 1480 3414 sunt.

647 3457 733 3491 n.
760 3446 904 3491 Veros
943 3444 1121 3507 timlos,
1152 3439 1206 3491 h.
1243 3458 1291 3492 e.
1325 3438 1537 3491 laudem
1556 3476 1573 3504 ,

572 3516 824 3571 honorem
843 3555 860 3582 ‚
887 3519 1082 3573 famam
1097 3556 1112 3582 ,
1128 3536 1244 3573 eam
1260 3518 1574 3590 presertim,

577 3614 736 3668 quam
749 3597 866 3668 quis
885 3610 1066 3651 auctor
1077 3597 1199 3650 libri
1212 3634 1228 3660 ,
1250 3596 1462 3650 nomine
1477 3615 1575 3650 suo

579 3676 855 3747 inscripto,
910 3676 1261 3747 consequitur.
1328 3675 1577 3731 Similiter

572 3753 728 3807 Ovid.
746 3754 904 3807 Trist-
930 3755 976 3821 1,
1003 3772 1025 3807 ι
1036 3791 1053 3819 ,
1069 3754 1136 3806 53
1153 3771 1168 3805 :
1187 3780 1213 3800 u
1230 3756 1410 3808 Donec
1425 3773 1573 3808 eram

572 3850 767 3905 sospes,
779 3832 915 3885 tituli
935 3833 1181 3904 tangebar
1191 3852 1370 3887 amore
1387 3852 1404 3899 ;
1419 3836 1575 3900 Quae-

573 3912 826 3983 rendique
843 3911 1214 3965 mihinominis
1236 3911 1396 3966 ardor
1407 3925 1519 3967 erat
1530 3939 1572 3965 ιο.

573 3997 776 4043 -Ιῆόια
790 3995 938 4043 dahac
946 3992 1012 4044 V.
1027 3992 1090 4044 R.
1103 3991 1168 4045 L.
1187 3990 1252 4043 G.
1268 3991 1363 4045 Pu.
1387 3992 1577 4063 reliqui

570 4074 725 4123 dedit.

1660 1785 1916 1838 troversia
1934 1785 2069 1838 bene
2094 1797 2212 1837 acta
2231 1784 2284 1836 in
2300 1784 2529 1858 judicio:
2542 1805 2669 1853 proe-

1656 1868 1763 1934 cepi
1784 1883 2045 1929 comtum,
2069 1863 2321 1936 proripui
2363 1863 2479 1918 aliis
2503 1864 2667 1916 victo·

1657 1943 1817 2006 riam,
1859 1942 1952 2014 qui
1996 1960 2203 1995 mecum
2244 1941 2481 1997 eamdem
2524 1961 2671 1996 caus-

1658 2041 1766 2076 sam
1784 2023 2024 2093 agebant.
2044 2020 2215 2093 Loqui
2238 2020 2445 2074 videtur
2460 2019 2526 2075 de
2542 2039 2661 2074 vera

1656 2101 1860 2154 actione
1892 2099 2114 2167 sorensi,
2139 2117 2251 2152 non
2280 2098 2347 2153 de
2379 2099 2501 2152 ficta
2536 2118 2665 2152 con-

1658 2181 1938 2247 troversia,
1980 2192 2071 2233 sut
2108 2179 2479 2233 exercitatione
2518 2179 2672 2231 scho-

1661 2259 1845 2312 lastica
1894 2257 2036 2331 apud
2081 2256 2365 2312 rhetorem.
2426 2259 2558 2311 Nam
2618 2268 2671 2310 et

1659 2336 1797 2391 infra
1832 2357 1987 2391 versu
2029 2356 2126 2407 1²9
2152 2339 2267 2407 fim'
2292 2348 2345 2391 et
2367 2338 2518 2389 litium
2544 2339 2671 2388 rabi·-

1661 2420 1837 2469 darum
1885 2417 2203 2470 mentionem
2260 2416 2418 2482 facin
2471 2427 2524 2469 et
2571 2415 2671 2489 ipsi

1659 2506 1892 2549 oratores
1918 2514 2101 2550 caussa
2124 2495 2344 2549 feliciter
2369 2507 2482 2549 acta
2508 2495 2563 2547 in
2591 2496 2673 2548 fo-

1658 2592 1749 2633 ro,
1791 2574 1915 2626 olim
1941 2574 2166 2628 victoria
2193 2574 2397 2646 signum
2436 2585 2489 2628 et
2527 2592 2667 2645 prai-

1659 2652 1825 2705 mium
1872 2653 2067 2706 referre
2112 2654 2346 2707 solebant
2362 2692 2380 2719 ‚
2436 2653 2669 2724 palmam

1662 2729 1865 2783 foribus
1886 2729 2239 2803 adfigendam.
2268 2732 2505 2784 Juvenal.
2519 2731 2628 2782 vn
2646 2772 2663 2796 ,

1666 2827 1763 2880 ¹17
1792 2812 1999 2879 (nostre
2035 2809 2160 2862 edit.
2191 2822 2318 2862 tom.
2345 2811 2373 2861 1
2391 2850 2409 2877 ,
2452 2828 2507 2881 p.
2546 2808 2669 2881 547.

1658 2888 1818 2955 En.):
1858 2907 2081 2960 «erumpe
2104 2888 2260 2963 miser
2280 2898 2483 2942 tensum
2498 2890 2675 2960 jecur,

1661 2978 1719 3020 ut
1734 2967 1841 3020 ‘tibi
1862 2968 2001 3021 lasso
2030 2966 2284 3040 Figantur
2312 2963 2536 3033 virides,
2562 2984 2676 3021 sea-

1660 3046 1829 3100 larum
1850 3045 2284 3117 gloria,palmae»·

1739 3132 1819 3187 14.
1842 3129 1909 3175 Ee
1926 3126 2082 3177 merui
2104 3126 2289 3192 Iinguoe
2308 3123 2381 3176 V.
2407 3125 2471 3177 R.
2486 3123 2585 3177 Gr.
2604 3124 2672 3178 L.

1662 3203 1729 3257 G.
1750 3203 1848 3256 Pu.
1869 3209 1935 3255 Ec
1952 3206 2075 3255 daea
2092 3216 2208 3254 sunt
2222 3206 2409 3271 lingua·
2420 3204 2481 3255 A.
2500 3202 2579 3256 Pi.
2597 3203 2673 3255 Ο.

1658 3295 1710 3336 et
1732 3283 2071 3336 recentiores:
2094 3284 2301 3350 proemia
2336 3294 2486 3350 grata
2514 3281 2585 3333 V.
2610 3282 2675 3335 R.

1661 3363 1727 3417 G.
1748 3363 1847 3415 Pu.
1862 3365 2069 3430 praemia
2088 3363 2247 3430 digna
2266 3362 2328 3413 A.
2350 3360 2428 3413 Pi.
2441 3360 2509 3413 Ο.
2526 3372 2580 3412 et
2600 3362 2672 3414 al.

1736 3440 1819 3494 15.
1861 3446 1981 3507 Quoe
2018 3460 2127 3492 cum
2162 3441 2364 3510 defectis
2387 3440 2445 3492 R.
2480 3438 2577 3491 Gr.
2608 3441 2675 3494 L.

1658 3520 1751 3573 Pu.
1778 3518 1859 3572 Pi.
1888 3521 2125 3588 defimctis
2150 3520 2219 3572 V.
2243 3521 2305 3571 A.
2333 3521 2403 3573 Ο.
2424 3530 2479 3572 et
2502 3518 2573 3572 ul.
2598 3550 2675 3561 -—

1662 3606 1783 3669 Quoe
1816 3619 1925 3672 quo
1954 3599 2241 3668 pertineat,
2277 3599 2427 3652 aliter
2450 3599 2679 3671 intelligi

1659 3678 1841 3751 nequit
1858 3718 1875 3745 ,
1900 3678 2001 3732 nisi
2022 3679 2283 3731 referatur
2299 3678 2369 3732 ad
2382 3676 2671 3734 remotiora

1661 3777 1839 3812 versus
1868 3776 1901 3826 9
1926 3778 2062 3810 mem
2088 3776 2369 3826 sensusque.
2382 3758 2515 3823 Quoe
2530 3797 2546 3823 ,
2584 3756 2673 3810 in-

1660 3837 1805 3909 quit,
1843 3855 2033 3909 nempe
2074 3854 2221 3889 mens
2264 3853 2580 3907 sensusque,
2626 3836 2677 3889 si

1660 3914 1868 3969 defecto
1888 3915 1945 3967 in
1968 3932 2191 3987 corpore
2221 3916 2333 3989 jain
2370 3924 2495 3968 sunt
2522 3932 2679 3969 mor*

1662 4006 1749 4046 tua
1763 4030 1781 4057 ,
1804 3993 2055 4065 qnanmla
2076 3992 2188 4046 hoc
2210 3994 2355 4059 vito,
2370 3992 2546 4065 portio
2556 4006 2643 4047 est
2658 4033 2679 4054 ‚

1662 4090 1779 4144 qun
1816 4072 1869 4125 in
1898 4072 2106 4126 senibus
2147 4070 2365 4126 manet?
2398 4072 2682 4125 matutine
