2964 4690
434 363 613 460 '508
976 444 982 454 .
1025 393 1454 463 AnsoNn
1502 391 2046 460 PRAEFATIO

470 521 785 608 mireris,
832 534 957 591 aut
1008 520 1338 594 Virbium
1376 521 1516 618 (1);
1564 520 1769 591 illum
1819 517 1912 622 de
1963 519 2343 616 DionysiO,
2395 520 2594 592 hunc

470 641 565 714 de
606 642 1527 742 Hippolytoreformatum.
1571 647 1663 714 Et
1699 644 1762 714 si
1811 645 2112 742 pateris,
2171 658 2256 714 ut
2293 643 2598 716 doceam

472 764 843 838 docendus
904 767 1056 865 ipse
1074 820 1095 853 ,
1152 769 1368 839 Cento
1408 766 1588 864 quid
1639 769 1730 838 sit
1773 765 1877 863 (2)
1919 763 2304 838 absolvam.
2363 771 2593 840 Variis

352 894 359 904 “
470 889 562 961 de
587 889 799 980 locis,
818 889 1295 989 sensibusque
1322 889 1654 979 diversiS‚
1674 889 2002 988 quaedam
2034 892 2366 963 carminis
2399 906 2592 963 stru-

470 1028 672 1084 ctura
705 1012 1055 1086 solidatur
1084 1042 1102 1086 :
1141 1017 1216 1086 in
1238 1039 1469 1087 unum
1504 1039 1793 1086 versum
1827 1027 1910 1086 ut
1947 1029 2236 1102 coeant,
2273 1029 2403 1086 aut
2432 1019 2591 1088 caesi

472 1135 659 1222 duc,
724 1152 849 1232 aut
900 1163 1090 1210 unus
1143 1155 1217 1210 et
1280 1161 1590 1236 sequens
1647 1161 1814 1210 cum
1862 1136 2127 1209 medio.
2175 1141 2359 1210 Nam
2408 1137 2591 1211 duos

469 1259 780 1354 junctim
840 1260 1113 1348 locare,
1164 1262 1498 1359 ineptum
1542 1274 1650 1332 est
1679 1259 1820 1356 (3):
1873 1273 1946 1331 et
1979 1273 2124 1330 tres
2181 1285 2326 1332 una
2370 1264 2592 1346 serie,

474 1408 685 1456 merae
730 1409 957 1482 nugae.
1004 1383 1456 1457 Diffunditur
1499 1398 1742 1457 autem
1780 1408 1911 1483 per
1959 1407 2258 1457 caesuras
2299 1409 2553 1459 omnes
2571 1443 2590 1467 ,

473 1530 654 1605 quas
703 1509 971 1607 recipit.
1002 1532 1249 1580 versus
1304 1510 1689 1594 Hernicus»,
1746 1507 2131 1579 convenire
2201 1523 2286 1580 ut
2339 1512 2594 1606 possit,

472 1644 597 1702 aut
651 1630 1243 1729 penthemimeris
1293 1628 1399 1728 (4)
1469 1655 1630 1702 cum
1675 1629 1979 1727 reliquo
2041 1646 2401 1729 anapaesto
2433 1632 2539 1729 (5)
2573 1687 2592 1722 ‚

471 1768 596 1824 aut
667 1753 1023 1824 trochaice
1076 1751 1185 1849 (6)
1258 1777 1425 1825 cum
1501 1754 1896 1850 posteriore
1963 1767 2333 1850 segmento
2368 1809 2388 1841 ‚
2469 1768 2595 1826 aut

466 1956 604 2027 pisse
622 1955 885 2008 Bacchum
906 1956 1211 2010 Phurnutus
1223 1997 1239 2022 ,
1259 1958 1353 2028 qui
1372 1976 1487 2010 rem

470 2048 676 2101 narrat,
704 2036 955 2088 meminit.
995 2035 1099 2088 Alii
1136 2037 1284 2089 aliud
1308 2039 1489 2110 Thyo-

1647 1959 1726 2030 (α)
1747 1961 1894 2010 Cento
1916 1961 2040 2026 quid
2057 1961 2138 2010 sie.
2157 1957 2300 2010 Vide
2324 1977 2480 2030 supra
2503 1976 2597 2011 no·

1574 2048 1681 2090 tam
1705 2040 1786 2108 (t)
1808 2039 1966 2111 hujus
1995 2037 2347 2100 Praefationis,
2376 2038 2468 2090 ubi
2485 2049 2598 2112 ety-

468 2114 641 2181 nisni,
681 2131 775 2168 seu
791 2115 1067 2188 Thyonei‚
1104 2129 1315 2188 etymon
1338 2115 1489 2169 adfe-

467 2205 621 2257 runt,
662 2215 692 2247 a
727 2194 956 2268 Thyone
1000 2194 1232 2259 scilicet,
1279 2195 1488 2247 nutrice

464 2273 663 2328 Bacchi
682 2313 697 2339 ,
728 2285 788 2326 ut
812 2274 1030 2347 quidam
1060 2274 1241 2327 volunt
1256 2314 1271 2339 ,
1296 2285 1355 2326 ut
1376 2273 1488 2338 alii,

465 2366 656 2407 matre.
718 2354 917 2407 Ferunt
980 2355 1122 2409 enim
1177 2354 1447 2408 Bacchum
1471 2394 1489 2418 ‚

465 2433 600 2485 Jove
622 2432 975 2498 concedente,
1006 2446 1226 2487 matrem
1250 2432 1488 2487 Semelen

465 2512 536 2564 ab
569 2512 764 2565 Inferis
790 2512 1033 2567 eduxisse
1050 2555 1066 2582 ,
1092 2527 1146 2567 et
1178 2514 1487 2567 immortali-

464 2602 575 2645 tate
606 2590 860 2644 donatam
882 2632 897 2657 ,
942 2592 1207 2666 Thyoneo
1253 2612 1280 2646 a
1322 2594 1486 2648 sacris

452 2676 595 2743 'quas
628 2668 705 2722 illi
750 2668 1005 2724 adtribuit
1026 2711 1043 2739 ,
1083 2672 1481 2727 denominasse:

468 2751 564 2801 Θὺω
600 2747 741 2801 enim
772 2762 893 2814 est,·
912 2768 1061 2804 sacra
1098 2752 1253 2805 facio.
1290 2750 1391 2803 Alii
1418 2752 1488 2803 ab

465 2828 583 2899 ipso
606 2830 700 2879 θύω
717 2868 732 2892 ,
772 2829 845 2879 ob
870 2828 1032 2882 Sacra
1064 2842 1117 2881 et
1152 2830 1314 2900 Orgia
1342 2832 1452 2901 ejus
1469 2866 1486 2891 ,

464 2906 611 2959 unde
646 2920 698 2959 et
718 2906 965 2979 Thyades
981 2948 997 2973 ,
1031 2907 1269 2961 Baccho.
1310 2909 1488 2961 Acron

463 2986 583 3040 vult
603 2986 922 3059 Thyoneum
944 2988 1140 3040 Bacchi
1168 2987 1334 3039 filium
1359 2988 1490 3042 fuis-

469 3084 544 3119 se.
584 3066 825 3119 Fortasse
858 3066 1148 3138 Thyoneus
1192 3064 1365 3120 dictus
1410 3078 1488 3119 est

464 3143 702 3197 Bacchus
746 3164 843 3216 pro
884 3143 1166 3197 Theonius
1190 3180 1205 3206 ,
1244 3142 1349 3197 boc
1385 3159 1490 3213 est,

467 3223 671 3282 Θιοίνιος
686 3226 833 3277 Deus
852 3224 999 3289 vini3
1028 3224 1104 3281 sic
1124 3223 1266 3277 enim
1290 3235 1369 3277 est
1394 3222 1490 3278 ad-

466 3301 684 3371 pellatus
712 3302 955 3356 Bacchus
972 3342 987 3367 ,
1026 3313 1157 3355 teste
1188 3302 1454 3375 Hesychio
1472 3342 1488 3365 ‚

470 3392 522 3432 et
548 3381 735 3433 Θιοίνια
762 3380 905 3451 apud
925 3380 1269 3435 Athenienses
1294 3382 1489 3435 Bacchi

469 3476 613 3527 sacra
634 3458 962 3511 dicebantur.

536 3537 613 3603 (1)
650 3544 753 3589 Aue
795 3542 1026 3592 Vir-bium.
1056 3538 1376 3611 Hippolytus
1421 3541 1490 3592 ab

468 3615 615 3686 equis
642 3614 972 3689 discerptus,
1006 3637 1174 3689 quum
1208 3620 1277 3671 ab
1308 3620 1491 3673 AEscu-

463 3694 608 3766 lapio
662 3709 943 3749 revocatus
998 3696 1067 3751 ad
1109 3698 1278 3751 vitam
1327 3711 1492 3771 esset,

467 3772 711 3837 Virbius,
734 3775 885 3845 quasi
912 3776 993 3829 bis
1022 3776 1105 3828 vir
1122 3817 1137 3842 ‚
1158 3788 1235 3829 est
1260 3775 1492 3847 adpella-

448 3862 550 3909 ,tus
586 3851 766 3905 Dianoe
797 3853 979 3923 jussu,
1021 3854 1107 3905 cui
1144 3857 1489 3924 conjunctum

471 3948 670 3983 numen
698 3928 801 3981 coli
826 3928 1000 4000 coepit.
1028 3932 1155 3989 vid.
1180 3932 1339 3986 Ovid.
1362 3935 1487 3987 Met.

473 4008 611 4073 XV;
638 4009 832 4081 Vix-gil.
862 4010 1133 4075 AEn.vn,
1175 4030 1253 4065 vs.
1277 4015 1402 4083 761,
1436 4025 1488 4065 ct

470 4086 610 4141 Pers.
638 4088 747 4143 Sat.
768 4091 870 4154 v1,
897 4108 973 4145 vs.
998 4089 1082 4145 55.

798 4386 813 4415 t

1575 2118 1797 2190 mologin
1819 2121 2041 2170 centonis
2062 2119 2334 2188 quaritur.
2355 2118 2458 2172 Eu.

1645 2200 1722 2266 (3)
1742 2201 1874 2249 Nam
1901 2201 2022 2248 duos
2049 2198 2256 2263 '‘unccim
2283 2201 2467 2256 locare,
2496 2199 2598 2246 ino-

1569 2291 1704 2344 ptum
1733 2291 1822 2329 est.
1839 2275 2005 2342 Quod
2022 2287 2198 2328 tamen
2216 2275 2482 2328 Ausonius
2493 2273 2594 2327 hoc

1575 2355 1694 2429 ipso
1711 2354 1767 2409 in
1790 2357 2031 2410 Centone
2057 2354 2180 2408 fecit
2200 2374 2307 2408 non
2328 2354 2516 2420 semel,
2541 2364 2597 2405 ut

1578 2434 1748 2489 videri
1774 2434 1925 2488 facile
1951 2446 2141 2505 potest.
2329 2426 2338 2433 ¹

1646 2515 1723 2585 (4)
1757 2516 2168 2565 Penthcmae'mcn's.
2195 2514 2298 2565 Vel
2334 2514 2598 2581 penthemi-

1573 2613 1728 2645 meres
1746 2594 2088 2663 πενθημιμιρῆς
2109 2610 2141 2644 a
2165 2593 2305 2643 πέντε
2332 2591 2568 2663 quinque
2581 2627 2596 2652 ,

1571 2673 1714 2741 ἥμισυ
1735 2670 2041 2735 dimidium,
2059 2684 2111 2724 et
2127 2672 2264 2742 μέρος
2287 2688 2428 2742 ραι-ε,
2449 2668 2598 2741 quasi

1577 2748 1720 2805 dicas
1773 2751 2014 2823 quinque
2077 2748 2328 2803 dimidias
2388 2759 2599 2820 partes,

1575 2828 1680 2883 hoc
1709 2842 1820 2891 est,
1863 2828 2110 2882 dimidios
2136 2826 2322 2899 pedes,
2359 2826 2599 2897 quinque

1575 2908 1870 2980 semipedes
1886 2948 1902 2974 ‚
1941 2920 1999 2960 ut
2026 2908 2085 2959 in
2103 2908 2260 2960 tertio
2279 2906 2438 2977 hujus
2464 2906 2600 2958 Cen·

1577 2988 1713 3041 tonis
1737 3004 1915 3039 versu:
1941 3011 1968 3032 κ
1985 2986 2154 3039 'umbo
2167 2984 2414 3037 florentes
2429 3009 2476 3036 ι.

1645 3066 1721 3134 (5)
1761 3070 1877 3117 Cum
1915 3069 2102 3133 reliquo
2127 3078 2400 3131 anapesto.
2445 3063 2519 3113 Ut
2543 3063 2598 3114 in

1577 3144 1763 3199 eodem
1780 3162 1964 3197 versu:
1992 3168 2015 3189 ι
2036 3142 2219 3195 Genus
2243 3140 2599 3211 insuperabile

1577 3223 1716 3277 bello
1743 3248 1788 3276 a.
1849 3220 2160 3294 cujusmodi
2223 3220 2598 3292 anapesticum

1577 3302 1874 3356 trimetrum
1944 3300 2426 3373 hyper-catalectum
2506 3297 2601 3351 ad·
2685 3356 2692 3363 ,

1576 3381 1738 3457 peuat
1762 3380 2046 3434 Diomedes
2068 3420 2082 3445 ‚
2123 3381 2197 3432 sic
2235 3378 2596 3431 metiendum:

1577 3460 1794 3513 «Genus
1820 3458 2216 3532 in-supera·bile
2238 3457 2408 3511 bel-lo
2417 3483 2460 3509 -.

1645 3542 1723 3608 (6)
1737 3544 1842 3591 Aut
1857 3542 2120 3591 trochaice.
2143 3538 2217 3589 Ut
2245 3537 2302 3589 in
2332 3538 2436 3589 hoc
2465 3538 2598 3607 ejus·

1577 3619 1700 3672 dem
1725 3618 1976 3673 Centenis
1996 3618 2274 3687 «Occupat
2297 3634 2357 3669 os
2387 3615 2601 3667 faciem·

1578 3718 1720 3770 quen
1739 3740 1754 3764 ,
1785 3697 1876 3749 ubi
1901 3708 2018 3767 post
2044 3695 2180 3749 duos
2206 3694 2404 3767 primos
2437 3691 2599 3762 pedes

1580 3804 1605 3823 e·
1619 3777 1856 3847 Occupat
1877 3794 1967 3841 os,
1996 3775 2100 3827 faci
2127 3799 2151 3819 a
2173 3813 2188 3839 ,
2227 3784 2464 3843 superest
2486 3782 2600 3823 tro-

1581 3854 1772 3919 chaeus,
1803 3872 2034 3926 temque
2053 3880 2109 3915 ιι,
2144 3870 2307 3923 quum
2341 3869 2594 3904 caesuram

1577 3933 1904 3986 trochaicam
1946 3932 2192 4003 adpellat.
2229 3932 2296 3982 Et
2335 3928 2598 4002 posterius

1575 4025 1902 4083 segmentum
1923 4053 1937 4077 ,
1975 4011 2123 4083 quod
2159 4009 2425 4081 sequitur,
2465 4034 2488 4056 ι
2511 4025 2598 4078 pe-

1575 4088 1696 4143 dem
1723 4090 1858 4164 pede
1885 4089 2120 4145 fervidus
2141 4100 2290 4159 urget
2310 4114 2354 4139 n.
