2964 4690
507 337 649 420 384

1314 321 1832 396 SYMPOSII

598 453 895 531 Pendula
930 454 984 522 si
1020 476 1161 521 non
1199 451 1355 538 sim,
1387 471 1524 516 non
1559 469 1702 513 sum
1733 440 2142 536 jamjamque
2176 435 2424 504 futura.

576 620 625 674 3.
650 620 706 668 Si
726 635 825 670 non
854 633 961 666 sum
986 616 1053 667 D.
1070 612 1285 682 jamjam
1313 607 1521 676 ipsajit·

506 717 618 754 cura
634 698 752 751 Per.
764 696 1079 765 jamjamque
1100 703 1314 742 ventura
1351 687 1409 738 in
1436 703 1526 738 co·

502 779 625 833 dice
650 794 746 829 sno
782 773 907 846 legit
944 769 1137 825 Castsl.
1162 767 1257 840 qui
1298 763 1524 819 correxit

492 859 687 927 funcra.
726 854 839 924 Ego
872 869 1001 904 vero
1038 848 1326 903 rescribere
1366 845 1528 897 velim

505 958 605 989 non
635 956 741 988 sum
760 949 861 985 tam
900 936 1053 1000 longa
1070 930 1270 997 fictura.
1321 955 1391 965 ——
1414 929 1528 976 Non

506 1036 613 1069 sum
640 1017 752 1084 jam
796 1015 1003 1081 jamque
1024 1011 1221 1078 sutura,
1257 1003 1294 1058 i.
1338 1023 1384 1058 e.
1413 1003 1530 1056 bre·

512 1097 603 1162 vi,
648 1111 799 1159 mox,
837 1092 1017 1144 futura
1044 1105 1156 1141 non
1200 1103 1348 1150 sum,
1388 1081 1530 1154 peri-

511 1179 617 1239 bo;
645 1171 793 1246 qnod
816 1167 1067 1244 explicari
1092 1177 1299 1240 potest,
1314 1162 1461 1216 brevi
1479 1173 1532 1214 et

509 1267 634 1308 ante
658 1250 1011 1306 maturitatem
1048 1242 1329 1319 putredine
1370 1240 1534 1294 corri-

507 1335 646 1408 piar,
672 1331 718 1385 si
741 1331 800 1384 in
820 1328 971 1382 terris
998 1323 1327 1388 subsideam,
1346 1338 1445 1374 nee
1468 1319 1524 1372 in

508 1431 637 1467 aura
660 1409 943 1485 pendeam.
968 1404 1073 1459 Sed
1106 1415 1283 1456 tamen
1308 1400 1422 1452 hee
1447 1397 1528 1451 in-

508 1489 815 1566 terpretatio
832 1487 1007 1540 neseio
1022 1482 1153 1556 quid
1163 1479 1334 1535 coacti
1342 1479 1522 1531 habet.

509 1574 694 1644 Itaque
714 1567 872 1624 velim
897 1564 1151 1637 scriptum
1176 1579 1287 1615 esse
1304 1579 1405 1612 non
1420 1577 1527 1610 sum

1611 617 1714 654 tam
1727 601 2068 670 longafhwra.
2085 593 2506 667 Longitudinem
2519 611 2640 646 ma-

1610 682 1752 737 xime
1791 676 2166 734 commendant
2190 677 2410 728 Veteres
2453 673 2512 725 in
2536 691 2636 725 cu-

1613 761 1814 814 curbita
1833 796 1849 823 ,
1872 775 2098 828 eamque
2120 755 2426 828 promoveri
2437 752 2637 806 dicunt

1615 837 1916 912 pendendo.
1953 835 2156 888 Plinius
2184 833 2222 886 l.
2263 853 2310 886 e.
2344 830 2414 884 de
2443 850 2638 885 cueur-

1614 921 1721 974 bita
1748 937 1762 972 ε
1793 943 1816 965 ι
1829 916 2029 969 Crescit
2042 955 2058 981 ,
2081 932 2187 986 qna
2211 913 2420 984 cogitur
2443 913 2638 972 forma,

1616 999 1933 1072 pierumque
1957 1005 2011 1046 et
2029 993 2277 1047 draconis
2299 991 2482 1048 intorti
2497 991 2638 1061 figu-

1618 1097 1676 1132 ra
1692 1115 1708 1142 ,
1733 1076 1975 1128 libertate
1989 1091 2120 1126 vero
2146 1070 2334 1145 pensili
2361 1087 2638 1134 concessa,

1613 1161 1728 1232 jam
1751 1155 1859 1208 visa
1891 1167 1971 1207 est
2000 1153 2083 1206 lx
2116 1149 2313 1224 pedum
2345 1146 2640 1220 longitudi-

1619 1237 1702 1290 nis
1724 1260 1768 1288 ι.
1789 1236 1855 1287 Et
1871 1231 2050 1304 paullo
2074 1231 2218 1283 infra
2246 1248 2261 1281 τ
2285 1254 2310 1274 «ι
2333 1227 2477 1281 Cibis
2505 1245 2642 1298 qno·

1611 1334 1716 1389 que
1736 1313 2004 1386 longiores
2033 1310 2406 1380 tenuioresque
2427 1327 2495 1360 eo
2519 1325 2636 1379 gra-

1611 1395 1805 1460 tiores,
1851 1404 1904 1445 et
1952 1392 2024 1443 ob
2061 1389 2119 1442 id
2159 1386 2502 1453 salubriores,
2541 1386 2638 1453 qni

1614 1471 1896 1548 pendendo
1915 1487 2128 1524 crevere
2137 1466 2416 1520 ».--Anth.
2433 1467 2536 1519 loc.
2549 1465 2638 1518 cit.

1617 1579 1640 1601 ι
1657 1569 1968 1606 cucumeres
1985 1547 2137 1602 humi
2158 1549 2302 1600 fusos
2317 1570 2361 1598 υ.
2381 1545 2485 1597 En.

1258 1853 1532 1922 XLIV.
1580 1843 1896 1916 CEPA*.

611 2005 922 2075 Monimo
964 1995 1383 2081 mordentes,
1415 1992 1595 2062 ultro
1637 2014 1774 2058 non
1817 1987 2094 2056 mordeo
2134 2007 2578 2081 quemquam;

613 2113 747 2185 Sed
786 2125 945 2180 sunt
984 2103 1405 2176 mordentem
1437 2099 1636 2170 multi
1674 2097 1980 2168 mordere
2017 2096 2276 2192 parati3

606 2227 827 2296 Nemo
866 2221 1055 2291 timet
1087 2240 1383 2286 morsum
1412 2267 1431 2301 ‚
1472 2212 1704 2281 dentes
1741 2209 1904 2304 quia
1937 2233 2076 2276 non
2113 2207 2330 2276 habeo
2367 2202 2564 2274 ullos.

589 2405 615 2433 *
647 2406 769 2473 Cape
783 2400 943 2455 Ceus.
968 2402 1126 2467 Talpa
1150 2396 1335 2449 vitiose
1356 2392 1540 2449 inscri-

518 2486 621 2558 psit
646 2482 911 2537 schottus.
932 2510 1004 2520 —
1024 2478 1333 2531 Burmanno
1364 2473 1541 2527 scribi-

519 2579 610 2620 tur
635 2568 811 2633 ccupas
836 2575 892 2615 et
924 2560 979 2612 in
1011 2577 1144 2613 vers.
1175 2558 1273 2611 168
1289 2595 1305 2622 ‚
1329 2554 1540 2609 Colum.

519 2644 635 2699 IX:
666 2669 691 2689 ·=
710 2642 870 2695 Nunc
905 2638 1079 2711 capite
1112 2650 1166 2691 et
1198 2636 1346 2710 porri
1380 2634 1542 2704 longo

517 2720 749 2779 resoluta
770 2719 1002 2793 capillo»
1030 2716 1248 2791 conjicit
1268 2720 1415 2767 Nunc
1435 2715 1542 2765 θω-

510 2825 605 2875 pa,
626 2801 773 2875 quod
796 2800 928 2854 alias
950 2798 1307 2871 disquisitum.
1326 2793 1432 2845 En.

600 2900 647 2935 1.
670 2883 874 2933 Hordeo
893 2882 1185 2931 mordentes.
1214 2877 1442 2925 Mordere
1462 2868 1543 2922 di·

524 2954 663 3008 citur
715 2970 845 3022 cepa
866 2988 883 3015 ,
940 2950 1011 3003 ob
1050 2964 1229 3001 acrem
1264 2960 1506 3015 saporem
1521 2979 1538 3005 ‚

524 3034 617 3105 qui
632 3031 759 3084 hine
774 3043 825 3084 et
844 3032 1057 3081 mordax
1084 3024 1293 3079 dicitur.
1309 3020 1538 3086 Persius,

522 3114 593 3179 V,
630 3114 698 3165 86
735 3130 749 3165 ε
803 3135 827 3156 ι
860 3104 1097 3159 mordaci
1143 3104 1285 3155 lotus
1329 3112 1477 3153 aceto
1495 3125 1535 3150 ι.

522 3192 645 3263 Ipsa
656 3209 777 3258 cepa
793 3188 1057 3241 lacrimosa
1067 3182 1373 3258 Columella
1383 3180 1533 3233 Hort.

524 3270 641 3323 123.
670 3299 739 3309 -
763 3272 924 3319 Actes
944 3281 1157 3337 quoque
1179 3260 1430 3314 dicuntur
1450 3276 1537 3311 ce-

523 3368 607 3421 poe
623 3384 641 3413 ,
662 3357 719 3399 nt
738 3345 898 3399 Anth.
922 3346 1041 3397 Lat.
1061 3340 1223 3404 lib.'V‚
1240 3340 1414 3411 epigr.
1434 3338 1498 3391 52
1520 3376 1536 3403 ,

1624 2403 1739 2443 tum
1771 2408 1896 2442 eum
1921 2389 2029 2443 sale
2061 2384 2310 2441 mordens
2341 2386 2488 2457 Cepe
2503 2409 2546 2433 ¹·-
2573 2415 2648 2424 -—

1627 2474 1852 2521 Mordere
1877 2468 2036 2523 etiarn
2059 2468 2127 2521 de
2147 2465 2346 2537 frigore
2371 2466 2648 2537 usurpavit

1625 2548 1900 2615 Horatius,
1920 2548 2088 2601 Serm.
2108 2548 2165 2599 11
2180 2587 2196 2612 ,
2216 2550 2271 2610 6,
2297 2544 2364 2610 45
2385 2564 2398 2599 :
2425 2571 2448 2593 ι
2466 2546 2649 2599 Matu-

1629 2628 1736 2681 tino
1763 2646 1950 2701 parum
1970 2629 2268 2701 cautosjam
2291 2626 2486 2698 frigora
2506 2643 2648 2677 mor-

1631 2706 1758 2759 dent
1777 2727 1818 2771 ·;
1831 2718 1882 2759 et
1899 2704 1969 2758 ad
1984 2708 2096 2779 ejus
2114 2698 2463 2759 imitationem
2480 2703 2644 2757 Anth.

1629 2786 1745 2840 Lat.
1773 2788 2068 2840 Burmann.
2098 2798 2226 2839 tom.
2251 2785 2280 2837 1
2301 2824 2317 2850 ,
2354 2804 2476 2857 pag.
2507 2803 2609 2855 70²
2629 2803 2645 2835 :

1629 2866 1994 2938 «Frigoraque
2029 2864 2276 2919 mordent
2309 2863 2506 2917 blando
2533 2882 2652 2917 sen·

1628 2962 1692 2997 su
1708 2969 1752 2997 ι.
1775 2949 1854 2999 De
1874 2944 2069 2998 salibus
2086 2956 2140 2998 et
2159 2942 2314 2998 dictis
2335 2936 2522 2997 facetis
2537 2942 2651 2995 Fir·-

1626 3023 1810 3089 minus,
1827 3022 2090 3088 lib.vl11‚
2117 3042 2234 3097 cap.
2255 3042 2288 3094 7
2313 3043 2327 3077 ε
2357 3049 2382 3068 ‹-
2404 3021 2526 3075 falsi
2541 3041 2650 3076 ser-

1626 3105 1797 3159 monis
1823 3102 2162 3158 mordacibus
2195 3102 2346 3157 dictis
2379 3103 2518 3155 risus
2548 3102 2650 3155 ho·

1621 3184 1826 3237 minum
1842 3184 2182 3238 adsueverint
2197 3182 2648 3237 concitare-‚Sem

1625 3264 1790 3317 Cons.
1817 3264 1887 3317 ad
1913 3265 2065 3317 Helv.
2089 3281 2208 3336 cap.
2233 3282 2296 3333 17
2313 3282 2330 3315 :
2367 3261 2548 3317 “Sicut
2571 3264 2648 3315 sal

1627 3342 1936 3397 suavitatem
1951 3341 2234 3413 quamdam
2249 3360 2370 3394 cum
2391 3340 2652 3394 mordaci—

432 3424 441 3432 ‘
523 3448 579 3479 v..
598 3445 661 3478 υ
680 3442 695 3477 :
715 3451 741 3471 σ-
754 3426 1019 3496 Acresque
1043 3439 1197 3493 cepas
1211 3458 1227 3485 ,
1254 3420 1544 3490 miliumque
1630 3434 1735 3475 tate
1746 3422 1928 3489 habet,
1939 3423 2008 3475 itu
2023 3422 2174 3474 etiam
2187 3422 2474 3474 verborum
2479 3441 2647 3493 joen-

521 3508 774 3561 fibratum
800 3530 847 3555 n.
879 3504 983 3556 En.

1634 3500 1933 3572 Per3.1,1o7
1947 3520 1960 3553 ε
1976 3500 2138 3573 «quid
2153 3519 2284 3571 opus
2299 3513 2504 3555 teneras
2518 3521 2654 3555 mor-

601 3605 647 3637 2.
681 3586 823 3635 Multi
850 3586 1070 3633 mordere
1099 3582 1295 3649 parati,
1336 3580 1370 3631 i.
1402 3596 1448 3631 e.
1475 3576 1546 3631 ad
1633 3581 1750 3633 daci
1773 3580 1960 3633 radere
1983 3599 2110 3633 vero
2129 3579 2434 3633 Auriculas?
2457 3604 2480 3626 ι
2509 3582 2611 3634 En.

528 3661 910 3726 mordendum,
956 3670 1015 3713 ut
1060 3678 1221 3731 supra
1272 3678 1371 3712 en.
1432 3659 1495 3711 18
1528 3677 1543 3712 z

1706 3660 1754 3712 3.
1783 3662 1881 3728 Qui
1897 3680 1994 3712 non
2019 3660 2232 3711 kabetA.
2255 3662 2376 3727 qm'a
2394 3663 2656 3711 nonhabet

529 3772 553 3789 .-
572 3760 778 3813 semper
803 3740 1027 3811 migrare
1064 3750 1239 3810 parata
1261 3762 1283 3785 ι
1302 3778 1316 3790 .
1365 3739 1547 3790 Verbo
1633 3740 1696 3792 C.
1717 3752 1769 3793 et
1781 3739 1901 3792 Per.
1928 3738 2201 3811 quomodo
2221 3750 2272 3791 et
2295 3738 2460 3790 codex
2477 3740 2656 3793 Casta-

530 3818 811 3876 mordendi
858 3819 1015 3871 etiam
1044 3818 1112 3871 de
1154 3838 1285 3889 cepe
1328 3818 1547 3890 loquens
1637 3818 1790 3872 lionis
1817 3818 2074 3883 habebnt,
2098 3816 2190 3889 qui
2213 3816 2438 3871 correxit
2457 3828 2510 3871 et
2533 3816 2652 3871 edi·

530 3901 735 3955 Persius
756 3916 885 3952 usus
912 3909 1016 3966 est,
1040 3898 1143 3963 lv,
1173 3899 1241 3951 30
1264 3917 1280 3950 :
1310 3897 1548 3950 «tunica-

1637 3896 1717 3949 dit
1738 3896 2026 3951 secundum
2059 3896 2321 3950 pithoeum
2347 3917 2448 3949 non
2473 3902 2651 3951 habeo.

1130 4026 2018 4057 ——-—-—-ffl-—-—————
