<?xml version="1.0" encoding="UTF-8"?>
<!DOCTYPE html PUBLIC "-//W3C//DTD XHTML 1.0 Transitional//EN"
    "http://www.w3.org/TR/xhtml1/DTD/xhtml1-transitional.dtd">
<html xmlns="http://www.w3.org/1999/xhtml" xml:lang="en" lang="en">
 <head>
  <title>
</title>
<meta http-equiv="Content-Type" content="text/html;charset=utf-8" />
  <meta name='ocr-system' content='tesseract 3.04.00' />
  <meta name='ocr-capabilities' content='ocr_page ocr_carea ocr_par ocr_line ocrx_word'/>
</head>
<body>
  <div class='ocr_page' id='page_1' title='image "./poetaelatinimin02unkngoog_0526.png"; bbox 0 0 2964 4690; ppageno 0'>
   <div class='ocr_carea' id='block_1_1' title="bbox 878 371 1892 441">
    <p class='ocr_par' dir='ltr' id='par_1_1' title="bbox 878 371 1892 441">
     <span class='ocr_line' id='line_1_1' title="bbox 878 371 1892 441; baseline 0 -3"><span class='ocrx_word' id='word_1_1' title='bbox 878 371 1234 438; x_wconf 88' lang='lat' dir='ltr'>CENTO</span> <span class='ocrx_word' id='word_1_2' title='bbox 1285 372 1892 441; x_wconf 84' lang='lat' dir='ltr'><strong>NUPTIALIS.</strong></span> 
     </span>
    </p>
   </div>
   <div class='ocr_carea' id='block_1_2' title="bbox 766 607 1930 691">
    <p class='ocr_par' dir='ltr' id='par_1_2' title="bbox 766 607 1930 691">
     <span class='ocr_line' id='line_1_2' title="bbox 766 607 1930 691; baseline 0.001 -16"><span class='ocrx_word' id='word_1_3' title='bbox 766 607 783 618; x_wconf 79' lang='grc'>’</span> <span class='ocrx_word' id='word_1_4' title='bbox 844 631 1498 677; x_wconf 70' lang='lat' dir='ltr'><strong>EPITHALAMIUM</strong></span> <span class='ocrx_word' id='word_1_5' title='bbox 1553 631 1930 691; x_wconf 74' lang='grc' dir='ltr'>υτιιιρωε.</span> 
     </span>
    </p>
   </div>
   <div class='ocr_carea' id='block_1_3' title="bbox 324 814 2451 888">
    <p class='ocr_par' dir='ltr' id='par_1_3' title="bbox 324 814 2451 888">
     <span class='ocr_line' id='line_1_3' title="bbox 324 814 2451 888; baseline 0.001 -5"><span class='ocrx_word' id='word_1_6' title='bbox 324 815 425 883; x_wconf 85' lang='lat' dir='ltr'><strong>AE.</strong></span> <span class='ocrx_word' id='word_1_7' title='bbox 464 837 569 884; x_wconf 65' lang='grc' dir='ltr'><strong>ια.</strong></span> <span class='ocrx_word' id='word_1_8' title='bbox 624 818 793 884; x_wconf 68' lang='lat' dir='ltr'><strong>Tim</strong></span> <span class='ocrx_word' id='word_1_9' title='bbox 831 814 1051 884; x_wconf 89' lang='lat' dir='ltr'><strong>studio</strong></span> <span class='ocrx_word' id='word_1_10' title='bbox 1086 815 1311 886; x_wconf 85' lang='lat' dir='ltr'>effusae</span> <span class='ocrx_word' id='word_1_11' title='bbox 1346 814 1637 886; x_wconf 84' lang='lat' dir='ltr'><strong>matres*</strong></span> <span class='ocrx_word' id='word_1_12' title='bbox 1668 816 1753 886; x_wconf 86' lang='lat' dir='ltr'><strong>ad</strong></span> <span class='ocrx_word' id='word_1_13' title='bbox 1789 816 2019 886; x_wconf 84' lang='lat' dir='ltr'><strong>limina</strong></span> <span class='ocrx_word' id='word_1_14' title='bbox 2049 814 2174 885; x_wconf 89' lang='lat' dir='ltr'><strong>du·</strong></span> <span class='ocrx_word' id='word_1_15' title='bbox 2228 819 2326 887; x_wconf 87' lang='lat' dir='ltr'><strong>AE.</strong></span> <span class='ocrx_word' id='word_1_16' title='bbox 2365 841 2451 888; x_wconf 76' lang='grc' dir='ltr'><strong>ιο</strong></span> 
     </span>
    </p>
   </div>
   <div class='ocr_carea' id='block_1_4' title="bbox 763 940 945 994">
    <p class='ocr_par' dir='ltr' id='par_1_4' title="bbox 763 940 945 994">
     <span class='ocr_line' id='line_1_4' title="bbox 763 940 945 994; baseline 0.005 -1"><span class='ocrx_word' id='word_1_17' title='bbox 763 940 945 994; x_wconf 85' lang='lat' dir='ltr'><strong>cunt.</strong></span> 
     </span>
    </p>
   </div>
   <div class='ocr_carea' id='block_1_5' title="bbox 325 1001 2448 1142">
    <p class='ocr_par' dir='ltr' id='par_1_5' title="bbox 325 1001 2448 1142">
     <span class='ocr_line' id='line_1_5' title="bbox 325 1001 2448 1142; baseline 0 -36"><span class='ocrx_word' id='word_1_18' title='bbox 325 1037 413 1106; x_wconf 91' lang='lat' dir='ltr'><strong>G.</strong></span> <span class='ocrx_word' id='word_1_19' title='bbox 509 1039 576 1120; x_wconf 71' lang='grc'><strong>4.</strong></span> <span class='ocrx_word' id='word_1_20' title='bbox 626 1039 716 1105; x_wconf 80' lang='lat' dir='ltr'><strong>At</strong></span> <span class='ocrx_word' id='word_1_21' title='bbox 744 1035 987 1104; x_wconf 79' lang='lat' dir='ltr'><strong>chorus</strong></span> <span class='ocrx_word' id='word_1_22' title='bbox 1014 1035 1352 1132; x_wconf 72' lang='lat' dir='ltr'>aequalis,*</span> <span class='ocrx_word' id='word_1_23' title='bbox 1372 1039 1564 1131; x_wconf 87' lang='lat' dir='ltr'><strong>pueri</strong></span> <span class='ocrx_word' id='word_1_24' title='bbox 1595 1038 2023 1142; x_wconf 79' lang='lat' dir='ltr'><strong>innuptaeque</strong></span> <span class='ocrx_word' id='word_1_25' title='bbox 2058 1063 2180 1131; x_wconf 90' lang='lat' dir='ltr'><strong>pu·</strong></span> <span class='ocrx_word' id='word_1_26' title='bbox 2229 1001 2329 1107; x_wconf 79' lang='grc' dir='ltr'><strong>Ε.</strong></span> <span class='ocrx_word' id='word_1_27' title='bbox 2411 1065 2448 1106; x_wconf 86' lang='lat'><em>2</em></span> 
     </span>
    </p>
   </div>
   <div class='ocr_carea' id='block_1_6' title="bbox 759 1143 937 1231">
    <p class='ocr_par' dir='ltr' id='par_1_6' title="bbox 759 1143 937 1231">
     <span class='ocr_line' id='line_1_6' title="bbox 759 1143 937 1231; baseline 0.006 -19"><span class='ocrx_word' id='word_1_28' title='bbox 759 1143 901 1213; x_wconf 80' lang='lat' dir='ltr'><strong>ellae</strong></span> <span class='ocrx_word' id='word_1_29' title='bbox 916 1199 937 1231; x_wconf 90' lang='lat'>‚</span> 
     </span>
    </p>
   </div>
   <div class='ocr_carea' id='block_1_7' title="bbox 328 1253 1758 1355">
    <p class='ocr_par' dir='ltr' id='par_1_7' title="bbox 328 1253 1758 1355">
     <span class='ocr_line' id='line_1_7' title="bbox 328 1253 1758 1355; baseline 0.001 -32"><span class='ocrx_word' id='word_1_30' title='bbox 328 1256 420 1324; x_wconf 89' lang='lat' dir='ltr'><strong>G.</strong></span> <span class='ocrx_word' id='word_1_31' title='bbox 512 1279 577 1322; x_wconf 66' lang='grc' dir='ltr'><strong>α.</strong></span> <span class='ocrx_word' id='word_1_32' title='bbox 629 1253 950 1322; x_wconf 82' lang='lat' dir='ltr'>Versibus</span> <span class='ocrx_word' id='word_1_33' title='bbox 976 1256 1353 1355; x_wconf 18' lang='lat' dir='ltr'><strong>‘incomptis</strong></span> <span class='ocrx_word' id='word_1_34' title='bbox 1408 1255 1649 1325; x_wconf 82' lang='lat' dir='ltr'><strong>ludunt</strong></span> <span class='ocrx_word' id='word_1_35' title='bbox 1680 1281 1696 1324; x_wconf 73' lang='grc' dir='ltr'><em>ε</em></span> <span class='ocrx_word' id='word_1_36' title='bbox 1728 1257 1758 1286; x_wconf 67' lang='grc'>*</span> 
     </span>
    </p>
   </div>
   <div class='ocr_carea' id='block_1_8' title="bbox 762 1363 1018 1434">
    <p class='ocr_par' dir='ltr' id='par_1_8' title="bbox 762 1363 1018 1434">
     <span class='ocr_line' id='line_1_8' title="bbox 762 1363 1018 1434; baseline 0 -2"><span class='ocrx_word' id='word_1_37' title='bbox 762 1363 1018 1434; x_wconf 83' lang='lat' dir='ltr'><strong>dicunt.</strong></span> 
     </span>
    </p>
   </div>
   <div class='ocr_carea' id='block_1_9' title="bbox 1786 1253 2522 1325">
    <p class='ocr_par' dir='ltr' id='par_1_9' title="bbox 1786 1253 2522 1325">
     <span class='ocr_line' id='line_1_9' title="bbox 1786 1253 2522 1325; baseline -0.001 0"><span class='ocrx_word' id='word_1_38' title='bbox 1786 1272 1854 1325; x_wconf 83' lang='lat' dir='ltr'><strong>et</strong></span> <span class='ocrx_word' id='word_1_39' title='bbox 1893 1257 2186 1324; x_wconf 85' lang='lat' dir='ltr'><strong>carmina</strong></span> <span class='ocrx_word' id='word_1_40' title='bbox 2237 1259 2337 1325; x_wconf 78' lang='grc' dir='ltr'><strong>Ε.</strong></span> <span class='ocrx_word' id='word_1_41' title='bbox 2409 1253 2456 1324; x_wconf 90' lang='lat'>6</span> <span class='ocrx_word' id='word_1_42' title='bbox 2513 1287 2522 1292; x_wconf 96' lang='lat'>·</span> 
     </span>
    </p>
   </div>
   <div class='ocr_carea' id='block_1_10' title="bbox 328 1471 2458 1569">
    <p class='ocr_par' dir='ltr' id='par_1_10' title="bbox 328 1471 2458 1569">
     <span class='ocr_line' id='line_1_10' title="bbox 328 1471 2458 1569; baseline 0.001 -29"><span class='ocrx_word' id='word_1_43' title='bbox 328 1475 397 1540; x_wconf 92' lang='grc' dir='ltr'><strong>Β.</strong></span> <span class='ocrx_word' id='word_1_44' title='bbox 503 1472 568 1541; x_wconf 90' lang='grc'><strong>8.</strong></span> <span class='ocrx_word' id='word_1_45' title='bbox 619 1476 684 1543; x_wconf 92' lang='grc' dir='ltr'>Ο</span> <span class='ocrx_word' id='word_1_46' title='bbox 730 1471 936 1568; x_wconf 88' lang='lat' dir='ltr'><strong>digno</strong></span> <span class='ocrx_word' id='word_1_47' title='bbox 970 1476 1329 1568; x_wconf 79' lang='lat' dir='ltr'><strong>conjuncta</strong></span> <span class='ocrx_word' id='word_1_48' title='bbox 1367 1477 1544 1561; x_wconf 80' lang='lat' dir='ltr'><strong>vire,</strong></span> <span class='ocrx_word' id='word_1_49' title='bbox 1583 1480 1612 1504; x_wconf 72' lang='lat'>⁸</span> <span class='ocrx_word' id='word_1_50' title='bbox 1638 1477 2006 1569; x_wconf 86' lang='lat' dir='ltr'><strong>gratissima</strong></span> <span class='ocrx_word' id='word_1_51' title='bbox 2046 1500 2199 1544; x_wconf 87' lang='lat' dir='ltr'><strong>con·</strong></span> <span class='ocrx_word' id='word_1_52' title='bbox 2239 1477 2338 1546; x_wconf 83' lang='grc' dir='ltr'><strong>Ε.</strong></span> <span class='ocrx_word' id='word_1_53' title='bbox 2377 1498 2458 1545; x_wconf 84' lang='grc' dir='ltr'><strong>ιο</strong></span> 
     </span>
    </p>
   </div>
   <div class='ocr_carea' id='block_1_11' title="bbox 755 1583 913 1674">
    <p class='ocr_par' dir='ltr' id='par_1_11' title="bbox 755 1583 913 1674">
     <span class='ocr_line' id='line_1_11' title="bbox 755 1583 913 1674; baseline -0.025 0"><span class='ocrx_word' id='word_1_54' title='bbox 755 1583 913 1674; x_wconf 75' lang='lat' dir='ltr'><strong>jux,</strong></span> 
     </span>
    </p>
   </div>
   <div class='ocr_carea' id='block_1_12' title="bbox 328 1690 2458 2010">
    <p class='ocr_par' dir='ltr' id='par_1_12' title="bbox 328 1690 2458 2010">
     <span class='ocr_line' id='line_1_12' title="bbox 328 1690 2456 1788; baseline 0.001 -28"><span class='ocrx_word' id='word_1_55' title='bbox 328 1693 428 1760; x_wconf 82' lang='grc' dir='ltr'><strong>Ε.</strong></span> <span class='ocrx_word' id='word_1_56' title='bbox 512 1716 568 1760; x_wconf 88' lang='lat'><strong>1.</strong></span> <span class='ocrx_word' id='word_1_57' title='bbox 619 1693 723 1760; x_wconf 89' lang='lat' dir='ltr'><strong>Sis</strong></span> <span class='ocrx_word' id='word_1_58' title='bbox 756 1690 943 1780; x_wconf 80' lang='lat' dir='ltr'>felix,</span> <span class='ocrx_word' id='word_1_59' title='bbox 966 1694 1263 1787; x_wconf 72' lang='lat' dir='ltr'><strong>*primos</strong></span> <span class='ocrx_word' id='word_1_60' title='bbox 1292 1694 1564 1764; x_wconf 77' lang='lat' dir='ltr'><strong>Lucinae</strong></span> <span class='ocrx_word' id='word_1_61' title='bbox 1584 1704 1606 1735; x_wconf 82' lang='lat'>¹</span> <span class='ocrx_word' id='word_1_62' title='bbox 1639 1709 1910 1788; x_wconf 83' lang='lat' dir='ltr'><strong>experta</strong></span> <span class='ocrx_word' id='word_1_63' title='bbox 1937 1693 2230 1780; x_wconf 79' lang='lat' dir='ltr'><strong>laboreS‚</strong></span> <span class='ocrx_word' id='word_1_64' title='bbox 2248 1696 2334 1764; x_wconf 95' lang='lat' dir='ltr'><strong>G.</strong></span> <span class='ocrx_word' id='word_1_65' title='bbox 2411 1699 2456 1780; x_wconf 76' lang='grc'>4</span> 
     </span>
     <span class='ocr_line' id='line_1_13' title="bbox 330 1801 2186 1898; baseline 0.001 -27"><span class='ocrx_word' id='word_1_66' title='bbox 330 1803 413 1871; x_wconf 93' lang='lat' dir='ltr'><strong>G.</strong></span> <span class='ocrx_word' id='word_1_67' title='bbox 489 1805 558 1886; x_wconf 75' lang='grc'><strong>4.</strong></span> <span class='ocrx_word' id='word_1_68' title='bbox 608 1807 696 1872; x_wconf 89' lang='lat' dir='ltr'><strong>Et</strong></span> <span class='ocrx_word' id='word_1_69' title='bbox 726 1818 956 1872; x_wconf 86' lang='lat' dir='ltr'><strong>mater.</strong></span> <span class='ocrx_word' id='word_1_70' title='bbox 986 1805 1167 1898; x_wconf 83' lang='lat' dir='ltr'>Cape</span> <span class='ocrx_word' id='word_1_71' title='bbox 1191 1805 1464 1874; x_wconf 84' lang='lat' dir='ltr'><strong>Maeonii</strong></span> <span class='ocrx_word' id='word_1_72' title='bbox 1502 1805 1882 1875; x_wconf 82' lang='lat' dir='ltr'><strong>carchesia²</strong></span> <span class='ocrx_word' id='word_1_73' title='bbox 1921 1801 2186 1873; x_wconf 85' lang='lat' dir='ltr'><strong>Bacchi.</strong></span> 
     </span>
     <span class='ocr_line' id='line_1_14' title="bbox 328 1907 2458 2010; baseline -0.001 -30"><span class='ocrx_word' id='word_1_74' title='bbox 328 1915 404 1981; x_wconf 93' lang='lat' dir='ltr'><strong>B.</strong></span> <span class='ocrx_word' id='word_1_75' title='bbox 497 1913 561 1982; x_wconf 91' lang='grc'><strong>8.</strong></span> <span class='ocrx_word' id='word_1_76' title='bbox 614 1915 907 2006; x_wconf 82' lang='lat' dir='ltr'>Sparge,</span> <span class='ocrx_word' id='word_1_77' title='bbox 929 1915 1201 2000; x_wconf 83' lang='lat' dir='ltr'><strong>marite,</strong></span> <span class='ocrx_word' id='word_1_78' title='bbox 1228 1938 1430 1983; x_wconf 88' lang='lat' dir='ltr'><strong>nuces</strong></span> <span class='ocrx_word' id='word_1_79' title='bbox 1448 1911 1546 1982; x_wconf 74' lang='lat'><strong>³.*</strong></span> <span class='ocrx_word' id='word_1_80' title='bbox 1568 1915 1780 2010; x_wconf 86' lang='lat' dir='ltr'><strong>Cinge</strong></span> <span class='ocrx_word' id='word_1_81' title='bbox 1802 1915 1940 1982; x_wconf 82' lang='lat' dir='ltr'><strong>haec</strong></span> <span class='ocrx_word' id='word_1_82' title='bbox 1961 1911 2196 1982; x_wconf 82' lang='lat' dir='ltr'><strong>altaria</strong></span> <span class='ocrx_word' id='word_1_83' title='bbox 2246 1915 2318 1980; x_wconf 93' lang='grc' dir='ltr'><strong>Β.</strong></span> <span class='ocrx_word' id='word_1_84' title='bbox 2416 1907 2458 1977; x_wconf 83' lang='grc'><strong>8</strong></span> 
     </span>
    </p>
   </div>
   <div class='ocr_carea' id='block_1_13' title="bbox 764 2023 965 2109">
    <p class='ocr_par' dir='ltr' id='par_1_13' title="bbox 764 2023 965 2109">
     <span class='ocr_line' id='line_1_15' title="bbox 764 2023 965 2109; baseline 0.02 -21"><span class='ocrx_word' id='word_1_85' title='bbox 764 2023 929 2092; x_wconf 80' lang='lat' dir='ltr'><strong>vitta</strong></span> <span class='ocrx_word' id='word_1_86' title='bbox 944 2077 965 2109; x_wconf 87' lang='lat'>‚</span> 
     </span>
    </p>
   </div>
   <div class='ocr_carea' id='block_1_14' title="bbox 330 2129 2460 2230">
    <p class='ocr_par' dir='ltr' id='par_1_14' title="bbox 330 2129 2460 2230">
     <span class='ocr_line' id='line_1_16' title="bbox 330 2129 2460 2230; baseline 0.001 -30"><span class='ocrx_word' id='word_1_87' title='bbox 330 2133 430 2200; x_wconf 92' lang='grc' dir='ltr'><strong>Ε.</strong></span> <span class='ocrx_word' id='word_1_88' title='bbox 511 2131 576 2200; x_wconf 95' lang='grc'><strong>8.</strong></span> <span class='ocrx_word' id='word_1_89' title='bbox 630 2130 785 2201; x_wconf 91' lang='lat' dir='ltr'><strong>Flos</strong></span> <span class='ocrx_word' id='word_1_90' title='bbox 811 2147 1107 2201; x_wconf 83' lang='lat' dir='ltr'><strong>veterum</strong></span> <span class='ocrx_word' id='word_1_91' title='bbox 1120 2135 1778 2230; x_wconf 85' lang='lat' dir='ltr'><strong>‚virtusquevirum.</strong></span> <span class='ocrx_word' id='word_1_92' title='bbox 1764 2133 1975 2201; x_wconf 81' lang='lat' dir='ltr'><strong>·*tibi</strong></span> <span class='ocrx_word' id='word_1_93' title='bbox 2013 2133 2202 2201; x_wconf 88' lang='lat' dir='ltr'><strong>duci·</strong></span> <span class='ocrx_word' id='word_1_94' title='bbox 2255 2135 2326 2198; x_wconf 92' lang='grc' dir='ltr'><strong>Β.</strong></span> <span class='ocrx_word' id='word_1_95' title='bbox 2417 2129 2460 2202; x_wconf 87' lang='grc'><strong>8</strong></span> 
     </span>
    </p>
   </div>
   <div class='ocr_carea' id='block_1_15' title="bbox 696 2257 1114 2330">
    <p class='ocr_par' dir='ltr' id='par_1_15' title="bbox 696 2257 1114 2330">
     <span class='ocr_line' id='line_1_17' title="bbox 696 2257 1114 2330; baseline 0.007 -20"><span class='ocrx_word' id='word_1_96' title='bbox 696 2287 704 2294; x_wconf 89' lang='grc'>-</span> <span class='ocrx_word' id='word_1_97' title='bbox 762 2257 875 2311; x_wconf 88' lang='lat' dir='ltr'><strong>tur</strong></span> <span class='ocrx_word' id='word_1_98' title='bbox 909 2267 1079 2313; x_wconf 85' lang='lat' dir='ltr'><strong>uxor</strong></span> <span class='ocrx_word' id='word_1_99' title='bbox 1094 2297 1114 2330; x_wconf 85' lang='lat'>,</span> 
     </span>
    </p>
   </div>
   <div class='ocr_carea' id='block_1_16' title="bbox 332 2352 2217 2447">
    <p class='ocr_par' dir='ltr' id='par_1_16' title="bbox 332 2352 2217 2447">
     <span class='ocr_line' id='line_1_18' title="bbox 332 2352 2217 2447; baseline -0.003 -25"><span class='ocrx_word' id='word_1_100' title='bbox 332 2354 433 2422; x_wconf 81' lang='grc' dir='ltr'><strong>Ε.</strong></span> <span class='ocrx_word' id='word_1_101' title='bbox 524 2377 579 2422; x_wconf 89' lang='grc' dir='ltr'>ι.</span> <span class='ocrx_word' id='word_1_102' title='bbox 636 2356 889 2423; x_wconf 86' lang='lat' dir='ltr'>Omnes</span> <span class='ocrx_word' id='word_1_103' title='bbox 920 2370 997 2423; x_wconf 93' lang='lat' dir='ltr'><strong>ut</strong></span> <span class='ocrx_word' id='word_1_104' title='bbox 1029 2370 1247 2424; x_wconf 82' lang='lat' dir='ltr'><strong>tecum</strong></span> <span class='ocrx_word' id='word_1_105' title='bbox 1282 2356 1536 2423; x_wconf 87' lang='lat' dir='ltr'><strong>meritis</strong></span> <span class='ocrx_word' id='word_1_106' title='bbox 1565 2380 1690 2447; x_wconf 91' lang='lat' dir='ltr'><strong>pro</strong></span> <span class='ocrx_word' id='word_1_107' title='bbox 1726 2352 1969 2424; x_wconf 71' lang='lat' dir='ltr'><strong>talibus</strong></span> <span class='ocrx_word' id='word_1_108' title='bbox 2006 2375 2217 2419; x_wconf 83' lang='lat' dir='ltr'>annos</span> 
     </span>
    </p>
   </div>
   <div class='ocr_carea' id='block_1_17' title="bbox 332 2586 1369 4155">
    <p class='ocr_par' dir='ltr' id='par_1_17' title="bbox 332 2586 1357 3054">
     <span class='ocr_line' id='line_1_19' title="bbox 408 2586 1351 2657; baseline -0.001 -19"><span class='ocrx_word' id='word_1_109' title='bbox 408 2606 455 2638; x_wconf 88' lang='lat'><strong>1.</strong></span> <span class='ocrx_word' id='word_1_110' title='bbox 496 2588 682 2635; x_wconf 71' lang='lat' dir='ltr'><strong>Primos</strong></span> <span class='ocrx_word' id='word_1_111' title='bbox 712 2588 937 2651; x_wconf 77' lang='lat' dir='ltr'><strong>Lucinoe,</strong></span> <span class='ocrx_word' id='word_1_112' title='bbox 967 2599 1065 2638; x_wconf 88' lang='lat' dir='ltr'><strong>etc.</strong></span> <span class='ocrx_word' id='word_1_113' title='bbox 1106 2586 1351 2657; x_wconf 83' lang='lat' dir='ltr'><strong>Metony-</strong></span> 
     </span>
     <span class='ocr_line' id='line_1_20' title="bbox 332 2662 1351 2735; baseline -0.005 -16"><span class='ocrx_word' id='word_1_114' title='bbox 332 2666 469 2719; x_wconf 83' lang='lat' dir='ltr'><strong>miee</strong></span> <span class='ocrx_word' id='word_1_115' title='bbox 501 2662 733 2735; x_wconf 86' lang='lat' dir='ltr'><strong>primum</strong></span> <span class='ocrx_word' id='word_1_116' title='bbox 771 2674 987 2735; x_wconf 74' lang='lat' dir='ltr'><strong>partum</strong></span> <span class='ocrx_word' id='word_1_117' title='bbox 1022 2664 1351 2735; x_wconf 80' lang='lat' dir='ltr'><strong>exprimunt,</strong></span> 
     </span>
     <span class='ocr_line' id='line_1_21' title="bbox 333 2740 1351 2817; baseline 0.001 -21"><span class='ocrx_word' id='word_1_118' title='bbox 333 2762 495 2817; x_wconf 83' lang='lat' dir='ltr'><strong>quem</strong></span> <span class='ocrx_word' id='word_1_119' title='bbox 522 2760 731 2815; x_wconf 64' lang='lat' dir='ltr'>sponsa</span> <span class='ocrx_word' id='word_1_120' title='bbox 764 2754 953 2813; x_wconf 79' lang='lat' dir='ltr'><strong>optant</strong></span> <span class='ocrx_word' id='word_1_121' title='bbox 991 2740 1216 2795; x_wconf 82' lang='lat' dir='ltr'><strong>felicem.</strong></span> <span class='ocrx_word' id='word_1_122' title='bbox 1239 2745 1351 2797; x_wconf 90' lang='lat' dir='ltr'><strong>No·</strong></span> 
     </span>
     <span class='ocr_line' id='line_1_22' title="bbox 336 2822 1351 2889; baseline -0.001 -13"><span class='ocrx_word' id='word_1_123' title='bbox 336 2836 449 2876; x_wconf 86' lang='lat' dir='ltr'><strong>tum</strong></span> <span class='ocrx_word' id='word_1_124' title='bbox 466 2862 482 2889; x_wconf 90' lang='lat'>,</span> <span class='ocrx_word' id='word_1_125' title='bbox 519 2822 806 2887; x_wconf 81' lang='lat' dir='ltr'><strong>Lucinam,</strong></span> <span class='ocrx_word' id='word_1_126' title='bbox 835 2840 929 2874; x_wconf 78' lang='lat' dir='ltr'><strong>seu</strong></span> <span class='ocrx_word' id='word_1_127' title='bbox 956 2823 1225 2875; x_wconf 71' lang='lat' dir='ltr'><strong>lunonem</strong></span> <span class='ocrx_word' id='word_1_128' title='bbox 1246 2824 1351 2875; x_wconf 83' lang='lat' dir='ltr'><strong>Lu</strong></span> 
     </span>
     <span class='ocr_line' id='line_1_23' title="bbox 336 2900 1357 2973; baseline -0.001 -17"><span class='ocrx_word' id='word_1_129' title='bbox 336 2903 514 2956; x_wconf 79' lang='lat' dir='ltr'><strong>cinam</strong></span> <span class='ocrx_word' id='word_1_130' title='bbox 530 2940 547 2968; x_wconf 87' lang='lat'><strong>,</strong></span> <span class='ocrx_word' id='word_1_131' title='bbox 584 2917 677 2955; x_wconf 76' lang='lat' dir='ltr'><strong>seu</strong></span> <span class='ocrx_word' id='word_1_132' title='bbox 719 2900 990 2973; x_wconf 77' lang='lat' dir='ltr'>Ilithyiam</span> <span class='ocrx_word' id='word_1_133' title='bbox 1007 2941 1024 2969; x_wconf 86' lang='lat'><strong>,</strong></span> <span class='ocrx_word' id='word_1_134' title='bbox 1051 2903 1219 2954; x_wconf 81' lang='lat' dir='ltr'><strong>Deam</strong></span> <span class='ocrx_word' id='word_1_135' title='bbox 1246 2921 1357 2955; x_wconf 74' lang='lat' dir='ltr'><strong>esse</strong></span> 
     </span>
     <span class='ocr_line' id='line_1_24' title="bbox 337 2980 1045 3054; baseline -0.003 -19"><span class='ocrx_word' id='word_1_136' title='bbox 337 2982 734 3054; x_wconf 79' lang='lat' dir='ltr'>puerperiorum</span> <span class='ocrx_word' id='word_1_137' title='bbox 754 2980 1045 3053; x_wconf 63' lang='lat' dir='ltr'><strong>prasidem.</strong></span> 
     </span>
    </p>

    <p class='ocr_par' dir='ltr' id='par_1_18' title="bbox 339 3060 1369 3748">
     <span class='ocr_line' id='line_1_25' title="bbox 411 3060 1357 3113; baseline 0.001 -1"><span class='ocrx_word' id='word_1_138' title='bbox 411 3080 460 3112; x_wconf 78' lang='lat'><strong>2.</strong></span> <span class='ocrx_word' id='word_1_139' title='bbox 502 3062 700 3111; x_wconf 73' lang='lat' dir='ltr'>Maeom&#39;ae&#39;</span> <span class='ocrx_word' id='word_1_140' title='bbox 725 3064 981 3113; x_wconf 72' lang='lat' dir='ltr'><strong>carchesia</strong></span> <span class='ocrx_word' id='word_1_141' title='bbox 1010 3062 1205 3113; x_wconf 69' lang='lat' dir='ltr'><strong>Bacchi.</strong></span> <span class='ocrx_word' id='word_1_142' title='bbox 1228 3060 1357 3113; x_wconf 78' lang='lat' dir='ltr'><strong>Car·</strong></span> 
     </span>
     <span class='ocr_line' id='line_1_26' title="bbox 339 3137 1356 3209; baseline -0.003 -17"><span class='ocrx_word' id='word_1_143' title='bbox 339 3139 517 3193; x_wconf 79' lang='lat' dir='ltr'><strong>chesia</strong></span> <span class='ocrx_word' id='word_1_144' title='bbox 554 3152 675 3191; x_wconf 83' lang='lat' dir='ltr'><strong>sunt</strong></span> <span class='ocrx_word' id='word_1_145' title='bbox 713 3137 947 3192; x_wconf 69' lang='lat' dir='ltr'><strong>tabulata</strong></span> <span class='ocrx_word' id='word_1_146' title='bbox 983 3139 1105 3201; x_wconf 75' lang='lat' dir='ltr'><strong>illa,</strong></span> <span class='ocrx_word' id='word_1_147' title='bbox 1140 3156 1257 3209; x_wconf 63' lang='lat' dir='ltr'><strong>que</strong></span> <span class='ocrx_word' id='word_1_148' title='bbox 1298 3138 1356 3189; x_wconf 86' lang='lat' dir='ltr'><strong>in</strong></span> 
     </span>
     <span class='ocr_line' id='line_1_27' title="bbox 340 3218 1359 3271; baseline -0.004 0"><span class='ocrx_word' id='word_1_149' title='bbox 340 3218 558 3271; x_wconf 77' lang='lat' dir='ltr'>summis</span> <span class='ocrx_word' id='word_1_150' title='bbox 582 3218 798 3270; x_wconf 81' lang='lat' dir='ltr'><strong>navium</strong></span> <span class='ocrx_word' id='word_1_151' title='bbox 825 3218 975 3270; x_wconf 70' lang='lat' dir='ltr'>malis</span> <span class='ocrx_word' id='word_1_152' title='bbox 996 3230 1120 3270; x_wconf 81' lang='lat' dir='ltr'><strong>sunt</strong></span> <span class='ocrx_word' id='word_1_153' title='bbox 1140 3236 1155 3269; x_wconf 91' lang='lat'>:</span> <span class='ocrx_word' id='word_1_154' title='bbox 1177 3220 1247 3268; x_wconf 73' lang='lat' dir='ltr'><strong>Ios</strong></span> <span class='ocrx_word' id='word_1_155' title='bbox 1271 3220 1359 3268; x_wconf 78' lang='grc' dir='ltr'>Ιιιι-</span> 
     </span>
     <span class='ocr_line' id='line_1_28' title="bbox 342 3296 1357 3371; baseline -0.004 -20"><span class='ocrx_word' id='word_1_156' title='bbox 342 3318 445 3351; x_wconf 81' lang='lat' dir='ltr'><strong>nes.</strong></span> <span class='ocrx_word' id='word_1_157' title='bbox 469 3300 550 3349; x_wconf 81' lang='lat' dir='ltr'><strong>Ab</strong></span> <span class='ocrx_word' id='word_1_158' title='bbox 588 3298 653 3351; x_wconf 81' lang='lat' dir='ltr'><strong>iis</strong></span> <span class='ocrx_word' id='word_1_159' title='bbox 692 3297 881 3369; x_wconf 80' lang='lat' dir='ltr'><strong>pocula</strong></span> <span class='ocrx_word' id='word_1_160' title='bbox 908 3296 1146 3371; x_wconf 77' lang='lat' dir='ltr'>quaedam</span> <span class='ocrx_word' id='word_1_161' title='bbox 1172 3296 1357 3367; x_wconf 65' lang='lat' dir='ltr'><strong>figure</strong></span> 
     </span>
     <span class='ocr_line' id='line_1_29' title="bbox 342 3374 1359 3442; baseline -0.005 -10"><span class='ocrx_word' id='word_1_162' title='bbox 342 3376 629 3432; x_wconf 80' lang='lat' dir='ltr'><strong>consimilis</strong></span> <span class='ocrx_word' id='word_1_163' title='bbox 658 3378 938 3432; x_wconf 76' lang='lat' dir='ltr'><strong>carchesia</strong></span> <span class='ocrx_word' id='word_1_164' title='bbox 969 3376 1143 3442; x_wconf 79' lang='lat' dir='ltr'><strong>dicta,</strong></span> <span class='ocrx_word' id='word_1_165' title='bbox 1171 3388 1231 3429; x_wconf 88' lang='lat' dir='ltr'><strong>ut</strong></span> <span class='ocrx_word' id='word_1_166' title='bbox 1256 3374 1359 3427; x_wconf 87' lang='lat' dir='ltr'><strong>hoc</strong></span> 
     </span>
     <span class='ocr_line' id='line_1_30' title="bbox 342 3453 1359 3529; baseline -0.004 -19"><span class='ocrx_word' id='word_1_167' title='bbox 342 3456 480 3510; x_wconf 83' lang='lat' dir='ltr'><strong>loco.</strong></span> <span class='ocrx_word' id='word_1_168' title='bbox 517 3458 751 3510; x_wconf 79' lang='lat' dir='ltr'>Bacchus</span> <span class='ocrx_word' id='word_1_169' title='bbox 789 3476 951 3529; x_wconf 84' lang='lat' dir='ltr'><strong>porro</strong></span> <span class='ocrx_word' id='word_1_170' title='bbox 984 3456 1243 3508; x_wconf 74' lang='lat' dir='ltr'><strong>Maeonius</strong></span> <span class='ocrx_word' id='word_1_171' title='bbox 1278 3453 1359 3507; x_wconf 86' lang='lat' dir='ltr'><strong>di-</strong></span> 
     </span>
     <span class='ocr_line' id='line_1_31' title="bbox 344 3534 1369 3599; baseline -0.001 -12"><span class='ocrx_word' id='word_1_172' title='bbox 344 3549 458 3589; x_wconf 83' lang='lat' dir='ltr'><strong>ctus</strong></span> <span class='ocrx_word' id='word_1_173' title='bbox 490 3548 569 3590; x_wconf 80' lang='lat' dir='ltr'><strong>est</strong></span> <span class='ocrx_word' id='word_1_174' title='bbox 590 3574 607 3599; x_wconf 90' lang='lat'><strong>,</strong></span> <span class='ocrx_word' id='word_1_175' title='bbox 650 3556 679 3587; x_wconf 81' lang='lat' dir='ltr'>a</span> <span class='ocrx_word' id='word_1_176' title='bbox 718 3535 949 3589; x_wconf 73' lang='lat' dir='ltr'><strong>Moeonia</strong></span> <span class='ocrx_word' id='word_1_177' title='bbox 978 3534 1203 3589; x_wconf 80' lang='lat' dir='ltr'><strong>Minoris</strong></span> <span class='ocrx_word' id='word_1_178' title='bbox 1228 3535 1369 3587; x_wconf 72' lang='lat' dir='ltr'><strong>Asine</strong></span> 
     </span>
     <span class='ocr_line' id='line_1_32' title="bbox 344 3614 1361 3686; baseline -0.004 -17"><span class='ocrx_word' id='word_1_179' title='bbox 344 3615 560 3686; x_wconf 76' lang='lat' dir='ltr'>regione</span> <span class='ocrx_word' id='word_1_180' title='bbox 572 3655 587 3681; x_wconf 89' lang='lat'><strong>,</strong></span> <span class='ocrx_word' id='word_1_181' title='bbox 606 3615 665 3667; x_wconf 83' lang='lat' dir='ltr'><strong>iu</strong></span> <span class='ocrx_word' id='word_1_182' title='bbox 683 3632 791 3685; x_wconf 79' lang='lat' dir='ltr'><strong>qua</strong></span> <span class='ocrx_word' id='word_1_183' title='bbox 808 3615 981 3667; x_wconf 78' lang='lat' dir='ltr'>nullas</span> <span class='ocrx_word' id='word_1_184' title='bbox 998 3626 1187 3685; x_wconf 77' lang='lat' dir='ltr'><strong>proeter</strong></span> <span class='ocrx_word' id='word_1_185' title='bbox 1201 3614 1361 3667; x_wconf 76' lang='lat' dir='ltr'><strong>vitem</strong></span> 
     </span>
     <span class='ocr_line' id='line_1_33' title="bbox 344 3692 941 3748; baseline -0.003 -1"><span class='ocrx_word' id='word_1_186' title='bbox 344 3696 559 3748; x_wconf 81' lang='lat' dir='ltr'><strong>arbores</strong></span> <span class='ocrx_word' id='word_1_187' title='bbox 582 3692 727 3745; x_wconf 78' lang='lat' dir='ltr'><strong>nasei</strong></span> <span class='ocrx_word' id='word_1_188' title='bbox 751 3694 941 3747; x_wconf 86' lang='lat' dir='ltr'><strong>ferunt.</strong></span> 
     </span>
    </p>

    <p class='ocr_par' dir='ltr' id='par_1_19' title="bbox 344 3774 1365 4155">
     <span class='ocr_line' id='line_1_34' title="bbox 416 3774 1363 3840; baseline -0.002 -16"><span class='ocrx_word' id='word_1_189' title='bbox 416 3774 466 3825; x_wconf 86' lang='grc'><strong>3.</strong></span> <span class='ocrx_word' id='word_1_190' title='bbox 515 3776 730 3840; x_wconf 79' lang='lat' dir='ltr'><em>Sparge,</em></span> <span class='ocrx_word' id='word_1_191' title='bbox 788 3775 961 3823; x_wconf 68' lang='lat' dir='ltr'><strong>marite</strong></span> <span class='ocrx_word' id='word_1_192' title='bbox 979 3811 995 3833; x_wconf 89' lang='lat'>,</span> <span class='ocrx_word' id='word_1_193' title='bbox 1059 3792 1207 3823; x_wconf 80' lang='lat' dir='ltr'><strong>nuces</strong></span> <span class='ocrx_word' id='word_1_194' title='bbox 1229 3810 1245 3833; x_wconf 91' lang='lat'><em>,</em></span> <span class='ocrx_word' id='word_1_195' title='bbox 1298 3790 1363 3822; x_wconf 83' lang='lat' dir='ltr'><strong>ex</strong></span> 
     </span>
     <span class='ocr_line' id='line_1_35' title="bbox 344 3848 1361 3923; baseline -0.003 -18"><span class='ocrx_word' id='word_1_196' title='bbox 344 3852 539 3923; x_wconf 77' lang='lat' dir='ltr'>Ecloga</span> <span class='ocrx_word' id='word_1_197' title='bbox 552 3850 688 3903; x_wconf 85' lang='lat' dir='ltr'>V111</span> <span class='ocrx_word' id='word_1_198' title='bbox 707 3848 955 3922; x_wconf 79' lang='lat' dir='ltr'><strong>Virgilii,</strong></span> <span class='ocrx_word' id='word_1_199' title='bbox 992 3850 1060 3903; x_wconf 77' lang='lat' dir='ltr'><strong>ad</strong></span> <span class='ocrx_word' id='word_1_200' title='bbox 1094 3869 1255 3923; x_wconf 79' lang='lat' dir='ltr'><strong>quem</strong></span> <span class='ocrx_word' id='word_1_201' title='bbox 1282 3850 1361 3902; x_wconf 90' lang='lat' dir='ltr'><strong>lo-</strong></span> 
     </span>
     <span class='ocr_line' id='line_1_36' title="bbox 345 3928 1365 4000; baseline -0.002 -17"><span class='ocrx_word' id='word_1_202' title='bbox 345 3948 466 3983; x_wconf 85' lang='lat' dir='ltr'><strong>cum</strong></span> <span class='ocrx_word' id='word_1_203' title='bbox 502 3930 751 3983; x_wconf 72' lang='lat' dir='ltr'><strong>Servius:</strong></span> <span class='ocrx_word' id='word_1_204' title='bbox 794 3928 985 3983; x_wconf 72' lang='lat' dir='ltr'><strong>«Idem</strong></span> <span class='ocrx_word' id='word_1_205' title='bbox 1008 3932 1187 3983; x_wconf 83' lang='lat' dir='ltr'><strong>Varro</strong></span> <span class='ocrx_word' id='word_1_206' title='bbox 1224 3948 1365 4000; x_wconf 76' lang='lat' dir='ltr'>spar-</span> 
     </span>
     <span class='ocr_line' id='line_1_37' title="bbox 347 4008 1361 4080; baseline 0 -19"><span class='ocrx_word' id='word_1_207' title='bbox 347 4008 635 4080; x_wconf 67' lang='lat' dir='ltr'><strong>gendas-um</strong></span> <span class='ocrx_word' id='word_1_208' title='bbox 670 4028 871 4063; x_wconf 84' lang='lat' dir='ltr'><strong>nucum</strong></span> <span class='ocrx_word' id='word_1_209' title='bbox 906 4008 1047 4063; x_wconf 75' lang='lat' dir='ltr'>hanc</span> <span class='ocrx_word' id='word_1_210' title='bbox 1090 4009 1221 4063; x_wconf 83' lang='lat' dir='ltr'><strong>dicit</strong></span> <span class='ocrx_word' id='word_1_211' title='bbox 1250 4026 1361 4061; x_wconf 75' lang='lat' dir='ltr'><strong>esse</strong></span> 
     </span>
     <span class='ocr_line' id='line_1_38' title="bbox 345 4087 1363 4155; baseline -0.001 -15"><span class='ocrx_word' id='word_1_212' title='bbox 345 4088 599 4141; x_wconf 81' lang='lat' dir='ltr'><strong>rationem</strong></span> <span class='ocrx_word' id='word_1_213' title='bbox 613 4129 628 4155; x_wconf 90' lang='lat'><strong>,</strong></span> <span class='ocrx_word' id='word_1_214' title='bbox 647 4100 707 4140; x_wconf 84' lang='lat' dir='ltr'><strong>ut</strong></span> <span class='ocrx_word' id='word_1_215' title='bbox 729 4088 873 4141; x_wconf 67' lang='lat' dir='ltr'><strong>Jovis</strong></span> <span class='ocrx_word' id='word_1_216' title='bbox 900 4088 1075 4141; x_wconf 83' lang='lat' dir='ltr'><strong>omine</strong></span> <span class='ocrx_word' id='word_1_217' title='bbox 1100 4087 1363 4141; x_wconf 78' lang='lat' dir='ltr'><strong>matrimo-</strong></span> 
     </span>
    </p>
   </div>
   <div class='ocr_carea' id='block_1_18' title="bbox 1438 2585 2476 4067">
    <p class='ocr_par' dir='ltr' id='par_1_20' title="bbox 1438 2585 2460 2815">
     <span class='ocr_line' id='line_1_39' title="bbox 1439 2585 2460 2654; baseline -0.003 -19"><span class='ocrx_word' id='word_1_218' title='bbox 1439 2586 1588 2637; x_wconf 87' lang='lat' dir='ltr'><strong>nium</strong></span> <span class='ocrx_word' id='word_1_219' title='bbox 1607 2585 1920 2645; x_wconf 77' lang='lat' dir='ltr'>celebretur,</span> <span class='ocrx_word' id='word_1_220' title='bbox 1942 2596 2000 2636; x_wconf 81' lang='grc' dir='ltr'><strong>ιιι</strong></span> <span class='ocrx_word' id='word_1_221' title='bbox 2023 2594 2190 2654; x_wconf 72' lang='lat' dir='ltr'><strong>nupta</strong></span> <span class='ocrx_word' id='word_1_222' title='bbox 2218 2592 2460 2633; x_wconf 77' lang='lat' dir='ltr'><strong>matrona</strong></span> 
     </span>
     <span class='ocr_line' id='line_1_40' title="bbox 1438 2659 2460 2717; baseline -0.003 -1"><span class='ocrx_word' id='word_1_223' title='bbox 1438 2664 1505 2716; x_wconf 86' lang='lat' dir='ltr'><strong>sit</strong></span> <span class='ocrx_word' id='word_1_224' title='bbox 1527 2664 1663 2717; x_wconf 79' lang='lat' dir='ltr'><strong>sicut</strong></span> <span class='ocrx_word' id='word_1_225' title='bbox 1679 2664 1838 2715; x_wconf 86' lang='lat' dir='ltr'><strong>Juno.</strong></span> <span class='ocrx_word' id='word_1_226' title='bbox 1864 2663 1998 2714; x_wconf 79' lang='lat' dir='ltr'><strong>Nam</strong></span> <span class='ocrx_word' id='word_1_227' title='bbox 2019 2680 2182 2714; x_wconf 84' lang='lat' dir='ltr'><strong>nuces</strong></span> <span class='ocrx_word' id='word_1_228' title='bbox 2208 2660 2265 2712; x_wconf 86' lang='lat' dir='ltr'><strong>in</strong></span> <span class='ocrx_word' id='word_1_229' title='bbox 2290 2659 2460 2713; x_wconf 83' lang='lat' dir='ltr'><strong>tutela</strong></span> 
     </span>
     <span class='ocr_line' id='line_1_41' title="bbox 1439 2738 2458 2815; baseline -0.006 -18"><span class='ocrx_word' id='word_1_230' title='bbox 1439 2755 1564 2797; x_wconf 76' lang='lat' dir='ltr'><strong>sunt</strong></span> <span class='ocrx_word' id='word_1_231' title='bbox 1588 2742 1772 2805; x_wconf 76' lang='lat' dir='ltr'><strong>Iovis,</strong></span> <span class='ocrx_word' id='word_1_232' title='bbox 1807 2740 1952 2795; x_wconf 80' lang='lat' dir='ltr'><strong>unde</strong></span> <span class='ocrx_word' id='word_1_233' title='bbox 1979 2752 2030 2794; x_wconf 86' lang='lat' dir='ltr'><strong>et</strong></span> <span class='ocrx_word' id='word_1_234' title='bbox 2047 2738 2334 2815; x_wconf 76' lang='lat' dir='ltr'>juglandes</span> <span class='ocrx_word' id='word_1_235' title='bbox 2367 2758 2458 2791; x_wconf 74' lang='lat' dir='ltr'><strong>vo·</strong></span> 
     </span>
    </p>

    <p class='ocr_par' dir='ltr' id='par_1_21' title="bbox 1442 2820 2476 4067">
     <span class='ocr_line' id='line_1_42' title="bbox 1442 2820 2462 2897; baseline -0.006 -18"><span class='ocrx_word' id='word_1_236' title='bbox 1442 2838 1632 2879; x_wconf 79' lang='lat' dir='ltr'><strong>cantur</strong></span> <span class='ocrx_word' id='word_1_237' title='bbox 1651 2862 1667 2889; x_wconf 90' lang='lat'>,</span> <span class='ocrx_word' id='word_1_238' title='bbox 1693 2824 1846 2897; x_wconf 78' lang='lat' dir='ltr'><strong>quasi</strong></span> <span class='ocrx_word' id='word_1_239' title='bbox 1872 2822 2016 2877; x_wconf 83' lang='lat' dir='ltr'>Jovis</span> <span class='ocrx_word' id='word_1_240' title='bbox 2049 2820 2286 2897; x_wconf 73' lang='lat' dir='ltr'><strong>glandes.</strong></span> <span class='ocrx_word' id='word_1_241' title='bbox 2322 2822 2462 2874; x_wconf 78' lang='lat' dir='ltr'><strong>Nam</strong></span> 
     </span>
     <span class='ocr_line' id='line_1_43' title="bbox 1442 2900 2463 2976; baseline -0.002 -21"><span class='ocrx_word' id='word_1_242' title='bbox 1442 2903 1577 2956; x_wconf 82' lang='lat' dir='ltr'><strong>illud</strong></span> <span class='ocrx_word' id='word_1_243' title='bbox 1601 2905 1816 2976; x_wconf 77' lang='lat' dir='ltr'><strong>vulgare</strong></span> <span class='ocrx_word' id='word_1_244' title='bbox 1844 2916 1957 2967; x_wconf 79' lang='lat' dir='ltr'><strong>est,</strong></span> <span class='ocrx_word' id='word_1_245' title='bbox 1995 2900 2114 2955; x_wconf 87' lang='lat' dir='ltr'><strong>ideo</strong></span> <span class='ocrx_word' id='word_1_246' title='bbox 2151 2902 2323 2974; x_wconf 73' lang='lat' dir='ltr'><strong>spargi</strong></span> <span class='ocrx_word' id='word_1_247' title='bbox 2361 2920 2463 2953; x_wconf 83' lang='lat' dir='ltr'><strong>nu-</strong></span> 
     </span>
     <span class='ocr_line' id='line_1_44' title="bbox 1445 2979 2462 3055; baseline -0.007 -18"><span class='ocrx_word' id='word_1_248' title='bbox 1445 3002 1562 3045; x_wconf 76' lang='lat' dir='ltr'><strong>ces,</strong></span> <span class='ocrx_word' id='word_1_249' title='bbox 1589 2996 1652 3036; x_wconf 84' lang='grc' dir='ltr'><strong>ιιι</strong></span> <span class='ocrx_word' id='word_1_250' title='bbox 1696 3002 1727 3036; x_wconf 83' lang='grc' dir='ltr'><strong>ιι</strong></span> <span class='ocrx_word' id='word_1_251' title='bbox 1779 2982 2102 3055; x_wconf 76' lang='lat' dir='ltr'><strong>rapientibus</strong></span> <span class='ocrx_word' id='word_1_252' title='bbox 2147 2980 2326 3053; x_wconf 74' lang='lat' dir='ltr'><strong>pueris</strong></span> <span class='ocrx_word' id='word_1_253' title='bbox 2367 2979 2462 3031; x_wconf 82' lang='lat' dir='ltr'><strong>flat</strong></span> 
     </span>
     <span class='ocr_line' id='line_1_45' title="bbox 1446 3059 2469 3134; baseline -0.004 -17"><span class='ocrx_word' id='word_1_254' title='bbox 1446 3064 1691 3134; x_wconf 71' lang='lat' dir='ltr'><strong>strepitus</strong></span> <span class='ocrx_word' id='word_1_255' title='bbox 1707 3103 1726 3129; x_wconf 86' lang='lat'>‚</span> <span class='ocrx_word' id='word_1_256' title='bbox 1764 3082 1832 3115; x_wconf 85' lang='lat' dir='ltr'><strong>ne</strong></span> <span class='ocrx_word' id='word_1_257' title='bbox 1857 3061 2044 3133; x_wconf 65' lang='lat' dir='ltr'><strong>puello</strong></span> <span class='ocrx_word' id='word_1_258' title='bbox 2069 3080 2171 3115; x_wconf 81' lang='lat' dir='ltr'><strong>vox</strong></span> <span class='ocrx_word' id='word_1_259' title='bbox 2204 3059 2469 3131; x_wconf 75' lang='lat' dir='ltr'><strong>virginita-</strong></span> 
     </span>
     <span class='ocr_line' id='line_1_46' title="bbox 1446 3139 2462 3215; baseline -0.004 -21"><span class='ocrx_word' id='word_1_260' title='bbox 1446 3155 1550 3196; x_wconf 84' lang='lat' dir='ltr'><strong>tem</strong></span> <span class='ocrx_word' id='word_1_261' title='bbox 1571 3140 1884 3215; x_wconf 80' lang='lat' dir='ltr'><strong>deponentis</strong></span> <span class='ocrx_word' id='word_1_262' title='bbox 1902 3142 2063 3213; x_wconf 77' lang='lat' dir='ltr'><strong>possit</strong></span> <span class='ocrx_word' id='word_1_263' title='bbox 2081 3139 2292 3204; x_wconf 79' lang='lat' dir='ltr'><strong>audiri,</strong></span> <span class='ocrx_word' id='word_1_264' title='bbox 2322 3150 2420 3191; x_wconf 83' lang='lat' dir='ltr'><strong>etc.</strong></span> <span class='ocrx_word' id='word_1_265' title='bbox 2441 3165 2462 3183; x_wconf 77' lang='grc' dir='ltr'>ι</span> 
     </span>
     <span class='ocr_line' id='line_1_47' title="bbox 1446 3217 2464 3275; baseline -0.004 0"><span class='ocrx_word' id='word_1_266' title='bbox 1446 3222 1564 3275; x_wconf 75' lang='lat' dir='ltr'><strong>Mos</strong></span> <span class='ocrx_word' id='word_1_267' title='bbox 1597 3222 1687 3275; x_wconf 83' lang='lat' dir='ltr'><strong>hic</strong></span> <span class='ocrx_word' id='word_1_268' title='bbox 1719 3221 1925 3274; x_wconf 80' lang='lat' dir='ltr'><strong>fluxisse</strong></span> <span class='ocrx_word' id='word_1_269' title='bbox 1953 3240 1984 3273; x_wconf 77' lang='lat' dir='ltr'>a</span> <span class='ocrx_word' id='word_1_270' title='bbox 2017 3219 2214 3273; x_wconf 80' lang='lat' dir='ltr'><strong>Graecis</strong></span> <span class='ocrx_word' id='word_1_271' title='bbox 2238 3217 2464 3272; x_wconf 80' lang='lat' dir='ltr'><strong>videtur.</strong></span> 
     </span>
     <span class='ocr_line' id='line_1_48' title="bbox 1446 3300 2470 3372; baseline -0.004 -19"><span class='ocrx_word' id='word_1_272' title='bbox 1446 3300 1605 3372; x_wconf 78' lang='lat' dir='ltr'><strong>Apud</strong></span> <span class='ocrx_word' id='word_1_273' title='bbox 1621 3300 1964 3355; x_wconf 76' lang='lat' dir='ltr'><strong>Athenienses</strong></span> <span class='ocrx_word' id='word_1_274' title='bbox 1981 3300 2122 3352; x_wconf 84' lang='lat' dir='ltr'><strong>enim</strong></span> <span class='ocrx_word' id='word_1_275' title='bbox 2138 3336 2154 3359; x_wconf 86' lang='lat'>‚</span> <span class='ocrx_word' id='word_1_276' title='bbox 2177 3315 2347 3351; x_wconf 68' lang='lat' dir='ltr'>novus</span> <span class='ocrx_word' id='word_1_277' title='bbox 2361 3316 2470 3349; x_wconf 76' lang='lat' dir='ltr'><strong>ma-</strong></span> 
     </span>
     <span class='ocr_line' id='line_1_49' title="bbox 1448 3374 2470 3453; baseline -0.007 -18"><span class='ocrx_word' id='word_1_278' title='bbox 1448 3382 1580 3435; x_wconf 79' lang='lat' dir='ltr'><strong>ritus</strong></span> <span class='ocrx_word' id='word_1_279' title='bbox 1611 3399 1776 3434; x_wconf 83' lang='lat' dir='ltr'>nuces</span> <span class='ocrx_word' id='word_1_280' title='bbox 1800 3378 2104 3453; x_wconf 74' lang='lat' dir='ltr'><strong>juglandes,</strong></span> <span class='ocrx_word' id='word_1_281' title='bbox 2131 3374 2436 3449; x_wconf 74' lang='lat' dir='ltr'>amygdalas</span> <span class='ocrx_word' id='word_1_282' title='bbox 2453 3416 2470 3439; x_wconf 86' lang='lat'>‚</span> 
     </span>
     <span class='ocr_line' id='line_1_50' title="bbox 1450 3458 2472 3532; baseline -0.005 -18"><span class='ocrx_word' id='word_1_283' title='bbox 1450 3460 1659 3532; x_wconf 75' lang='lat' dir='ltr'><strong>aliaque</strong></span> <span class='ocrx_word' id='word_1_284' title='bbox 1679 3459 1734 3512; x_wconf 85' lang='lat' dir='ltr'><strong>id</strong></span> <span class='ocrx_word' id='word_1_285' title='bbox 1754 3477 1919 3529; x_wconf 76' lang='lat' dir='ltr'><strong>genus</strong></span> <span class='ocrx_word' id='word_1_286' title='bbox 1937 3458 2234 3529; x_wconf 71' lang='lat' dir='ltr'><strong>spargebat,</strong></span> <span class='ocrx_word' id='word_1_287' title='bbox 2244 3458 2472 3529; x_wconf 73' lang='lat' dir='ltr'><strong>largitio-</strong></span> 
     </span>
     <span class='ocr_line' id='line_1_51' title="bbox 1450 3536 2472 3611; baseline -0.002 -18"><span class='ocrx_word' id='word_1_288' title='bbox 1450 3540 1535 3594; x_wconf 71' lang='lat' dir='ltr'><strong>nis</strong></span> <span class='ocrx_word' id='word_1_289' title='bbox 1555 3539 1738 3611; x_wconf 72' lang='lat' dir='ltr'><strong>gratie.</strong></span> <span class='ocrx_word' id='word_1_290' title='bbox 1764 3540 1937 3610; x_wconf 79' lang='lat' dir='ltr'><strong>Atque</strong></span> <span class='ocrx_word' id='word_1_291' title='bbox 1961 3536 2076 3589; x_wconf 73' lang='lat' dir='ltr'><strong>hoec</strong></span> <span class='ocrx_word' id='word_1_292' title='bbox 2097 3540 2472 3609; x_wconf 69' lang='grc' dir='ltr'><strong>καταχύσματα</strong></span> 
     </span>
     <span class='ocr_line' id='line_1_52' title="bbox 1452 3616 2471 3689; baseline 0 -20"><span class='ocrx_word' id='word_1_293' title='bbox 1452 3620 1718 3673; x_wconf 75' lang='lat' dir='ltr'><strong>vocabant</strong></span> <span class='ocrx_word' id='word_1_294' title='bbox 1737 3656 1754 3681; x_wconf 89' lang='lat'>,</span> <span class='ocrx_word' id='word_1_295' title='bbox 1780 3618 1932 3689; x_wconf 76' lang='lat' dir='ltr'><strong>quasi</strong></span> <span class='ocrx_word' id='word_1_296' title='bbox 1959 3616 2134 3682; x_wconf 75' lang='lat' dir='ltr'><strong>dicas,</strong></span> <span class='ocrx_word' id='word_1_297' title='bbox 2169 3616 2471 3669; x_wconf 79' lang='lat' dir='ltr'><strong>effusiones.</strong></span> 
     </span>
     <span class='ocr_line' id='line_1_53' title="bbox 1449 3695 2470 3766; baseline -0.003 -16"><span class='ocrx_word' id='word_1_298' title='bbox 1449 3729 1521 3739; x_wconf 93' lang='lat'><em>-</em></span> <span class='ocrx_word' id='word_1_299' title='bbox 1541 3702 1695 3766; x_wconf 68' lang='lat' dir='ltr'><strong>Cinge</strong></span> <span class='ocrx_word' id='word_1_300' title='bbox 1731 3701 1838 3749; x_wconf 74' lang='lat' dir='ltr'><strong>haec</strong></span> <span class='ocrx_word' id='word_1_301' title='bbox 1876 3700 2062 3748; x_wconf 57' lang='lat' dir='ltr'><strong>azaria</strong></span> <span class='ocrx_word' id='word_1_302' title='bbox 2094 3698 2238 3747; x_wconf 75' lang='grc' dir='ltr'><strong>υἰετα.</strong></span> <span class='ocrx_word' id='word_1_303' title='bbox 2263 3695 2470 3749; x_wconf 85' lang='lat' dir='ltr'><strong>Morem</strong></span> 
     </span>
     <span class='ocr_line' id='line_1_54' title="bbox 1451 3773 2471 3850; baseline -0.006 -19"><span class='ocrx_word' id='word_1_304' title='bbox 1451 3778 1683 3850; x_wconf 79' lang='lat' dir='ltr'><strong>aliquem</strong></span> <span class='ocrx_word' id='word_1_305' title='bbox 1710 3778 1766 3828; x_wconf 80' lang='lat' dir='ltr'><strong>in</strong></span> <span class='ocrx_word' id='word_1_306' title='bbox 1791 3777 1988 3849; x_wconf 78' lang='lat' dir='ltr'><strong>nuptiis</strong></span> <span class='ocrx_word' id='word_1_307' title='bbox 2011 3775 2262 3829; x_wconf 71' lang='lat' dir='ltr'><strong>usitatum</strong></span> <span class='ocrx_word' id='word_1_308' title='bbox 2283 3773 2471 3845; x_wconf 72' lang='lat' dir='ltr'><strong>tangit.</strong></span> 
     </span>
     <span class='ocr_line' id='line_1_55' title="bbox 1451 3852 2471 3927; baseline -0.005 -18"><span class='ocrx_word' id='word_1_309' title='bbox 1451 3857 1776 3927; x_wconf 74' lang='lat' dir='ltr'><strong>cingebatur</strong></span> <span class='ocrx_word' id='word_1_310' title='bbox 1815 3856 2036 3909; x_wconf 75' lang='lat' dir='ltr'><strong>fortasse</strong></span> <span class='ocrx_word' id='word_1_311' title='bbox 2079 3874 2172 3907; x_wconf 77' lang='lat' dir='ltr'><strong>ara</strong></span> <span class='ocrx_word' id='word_1_312' title='bbox 2190 3891 2206 3916; x_wconf 90' lang='lat'>,</span> <span class='ocrx_word' id='word_1_313' title='bbox 2244 3864 2301 3905; x_wconf 86' lang='lat' dir='ltr'><strong>ut</strong></span> <span class='ocrx_word' id='word_1_314' title='bbox 2317 3890 2332 3914; x_wconf 87' lang='lat'>,</span> <span class='ocrx_word' id='word_1_315' title='bbox 2376 3852 2471 3905; x_wconf 85' lang='lat' dir='ltr'><strong>uni</strong></span> 
     </span>
     <span class='ocr_line' id='line_1_56' title="bbox 1452 3931 2476 4002; baseline -0.004 -15"><span class='ocrx_word' id='word_1_316' title='bbox 1452 3934 1660 3989; x_wconf 83' lang='lat' dir='ltr'><strong>addicta</strong></span> <span class='ocrx_word' id='word_1_317' title='bbox 1686 3933 1800 3987; x_wconf 72' lang='lat' dir='ltr'><strong>viro</strong></span> <span class='ocrx_word' id='word_1_318' title='bbox 1815 3976 1830 4000; x_wconf 88' lang='lat'><strong><em>‚</em></strong></span> <span class='ocrx_word' id='word_1_319' title='bbox 1847 3934 2235 3989; x_wconf 75' lang='lat' dir='ltr'><strong>materfamilias</strong></span> <span class='ocrx_word' id='word_1_320' title='bbox 2266 3931 2476 4002; x_wconf 85' lang='lat' dir='ltr'><strong>pudici-</strong></span> 
     </span>
     <span class='ocr_line' id='line_1_57' title="bbox 1453 4011 2472 4067; baseline -0.005 0"><span class='ocrx_word' id='word_1_321' title='bbox 1453 4014 1578 4067; x_wconf 74' lang='lat' dir='ltr'><strong>tiam</strong></span> <span class='ocrx_word' id='word_1_322' title='bbox 1604 4013 1857 4067; x_wconf 81' lang='lat' dir='ltr'><strong>adversus</strong></span> <span class='ocrx_word' id='word_1_323' title='bbox 1881 4013 2078 4067; x_wconf 75' lang='lat' dir='ltr'><strong>alienos</strong></span> <span class='ocrx_word' id='word_1_324' title='bbox 2101 4011 2357 4065; x_wconf 81' lang='lat' dir='ltr'><strong>munitam</strong></span> <span class='ocrx_word' id='word_1_325' title='bbox 2378 4029 2472 4063; x_wconf 86' lang='lat' dir='ltr'><strong>un-</strong></span> 
     </span>
    </p>
   </div>
   <div class='ocr_carea' id='block_1_19' title="bbox 1451 4089 2477 4165">
    <p class='ocr_par' dir='ltr' id='par_1_22' title="bbox 1451 4089 2477 4165">
     <span class='ocr_line' id='line_1_58' title="bbox 1451 4089 2477 4165; baseline -0.003 -20"><span class='ocrx_word' id='word_1_326' title='bbox 1451 4092 1610 4165; x_wconf 83' lang='lat' dir='ltr'><strong>dique</strong></span> <span class='ocrx_word' id='word_1_327' title='bbox 1637 4092 1834 4147; x_wconf 80' lang='lat' dir='ltr'><strong>habere</strong></span> <span class='ocrx_word' id='word_1_328' title='bbox 1867 4093 2062 4147; x_wconf 85' lang='lat' dir='ltr'><strong>dehere</strong></span> <span class='ocrx_word' id='word_1_329' title='bbox 2093 4089 2477 4144; x_wconf 69' lang='lat' dir='ltr'><strong>ostenderetur.</strong></span> 
     </span>
    </p>
   </div>
  </div>
 </body>
</html>
