2964 4690
888 429 1315 498 AUSONII
1366 427 1830 498 GRIPHUS.

2272 423 2409 518 437

381 549 758 642 Distinguit
797 549 1042 619 solidos
1069 553 1241 621 cubo
1277 565 1591 646 pergente
1628 551 1929 634 trienteS‚

387 657 778 751 AEquipares
805 659 1122 730 dirimens
1155 677 1376 756 partes
1407 686 1489 730 ex
1518 663 1770 753 impare
1798 673 1987 727 terno
2008 713 2027 745 ‚

310 765 320 774 ’
385 769 471 835 Et
507 769 780 860 paribus
815 771 1050 866 triplex
1091 773 1422 858 medium3
1454 797 1661 866 quum
1692 784 1980 865 quatuor
2020 783 2087 838 et
2117 795 2231 838 sex

387 876 632 971 Bisque
671 895 1147 973 quaternorum
1183 884 1551 953 secernitur
1587 879 1933 974 omphalos
1976 879 2169 950 idem.
2367 896 2422 934 ⁶⁰

388 990 423 1054 J
432 1011 510 1055 us
541 987 784 1083 triplex
803 1044 824 1077 ‚
859 991 1098 1062 tabulae
1139 992 1321 1088 quod
1358 1006 1460 1060 ter
1501 1015 1797 1060 sanxere·
1816 1004 2191 1084 quaternae,

391 1099 694 1184 Sacrum,
714 1099 1066 1193 privatum,
1085 1117 1152 1171 et
1179 1101 1408 1197 populi
1426 1126 1783 1171 commune
1802 1099 1984 1194 quod
2001 1125 2281 1194 usquam
2300 1115 2417 1169 est.

391 1206 910 1304 Interdictorum
940 1211 1192 1280 trinum
1219 1237 1430 1306 genus
1460 1238 1476 1281 z
1506 1210 1681 1281 unde
1710 1208 2011 1305 repulsus

367 1318 482 1384 -Vi
522 1317 708 1402 fuero
731 1373 752 1408 ‚
787 1335 904 1390 aut
934 1323 1178 1392 Utrobi
1215 1322 1452 1410 fuerit,
1479 1323 1872 1412 Quorumve
1901 1321 2253 1390 bonorum.

301 1520 442 1571 fecto
459 1519 600 1571 cubo
627 1523 834 1574 numeri
869 1523 1067 1575 binarii
1091 1525 1174 1576 bis
1210 1524 1322 1576 bini

302 1609 610 1652 transeunte
631 1599 689 1652 in
715 1601 1091 1672 imperfectum
1125 1603 1321 1656 cubum

302 1679 652 1731 novenarium
672 1699 696 1736 „·
745 1681 836 1734 uhi
869 1682 1181 1736 novenarius
1225 1681 1320 1734 im-

304 1757 518 1828 proprie
548 1759 756 1814 videtur
793 1761 862 1813 ab
899 1762 1134 1815 Ausonio
1156 1763 1324 1817 cubus

301 1839 502 1890 vocari.
1089 1842 1100 1866 ⁸

365 1917 448 1987 57.
463 1923 593 1969 Cubo
599 1935 851 1989 pergente.
861 1921 1110 1974 Verisimi
1116 1920 1236 1973 liter
1254 1920 1322 1972 le—

301 1995 536 2066 gendum
543 2015 790 2066 pereunte,
800 2012 858 2052 ut
865 2003 984 2073 conj
989 2000 1091 2054 ecit
1100 2000 1324 2054 Werns-

303 2074 464 2128 dorfii
523 2077 660 2131 filius
675 2121 690 2146 ,
725 2078 827 2132 hoc
889 2091 997 2143 est,
1053 2079 1327 2134 octonario

303 2175 566 2224 numero,
593 2159 684 2230 qui
721 2161 922 2231 primus
956 2161 1124 2214 cubus
1165 2173 1243 2214 est
1278 2172 1330 2213 et

305 2235 556 2308 princeps
576 2276 592 2302 ‚
611 2252 774 2310 atque
794 2242 968 2310 ὶξόχως
987 2240 1040 2292 h.
1059 2240 1096 2294 1.
1117 2240 1332 2307 dicitur,

305 2333 335 2366 e
365 2315 578 2371 binario
614 2320 812 2373 scili'cet
854 2321 1094 2376 existens.
1140 2321 1332 2374 Unitas

305 2414 426 2467 quae
449 2398 503 2450 in
525 2418 714 2453 novem
737 2400 1024 2455 unitatibus
1045 2401 1218 2453 media
1242 2420 1333 2471 po·

309 2478 476 2543 nitur,
498 2477 702 2531 dirimit
723 2480 814 2532 illa
836 2480 1050 2551 quidem
1065 2481 1334 2551 utrimque

307 2569 362 2609 et
379 2571 590 2629 separat
607 2558 720 2613 duo
737 2560 938 2614 solidos
963 2558 1338 2631 quaterniones

309 2642 330 2705 (
352 2637 569 2690 trientes
597 2641 618 2705 )
643 2639 736 2711 qui
761 2640 929 2709 juncti
957 2641 1158 2693 faciunt
1184 2652 1336 2699 octo,

310 2716 504 2769 eadem
530 2727 706 2771 tamen
734 2720 932 2772 unitate
959 2731 1340 2773 connumerata.

249 2812 254 2820 ’
311 2796 454 2867 perit
471 2798 772 2850 octonarius
789 2797 1030 2869 fiuntque
1049 2816 1230 2851 revera
1246 2816 1340 2849 no·

313 2893 456 2927 vem.
485 2876 618 2927 Rem
639 2876 790 2929 nihili
821 2877 1140 2947 aenig'tnatica
1161 2878 1338 2947 gravi-

316 2964 426 3007 tate
439 2966 620 3007 noster
633 2954 1138 3025 circumloquitur.V
1147 2954 1233 3007 ide
1245 2974 1340 3007 no-

315 3044 428 3086 tam
455 3034 797 3103 superiorem.
825 3036 928 3087 En.

395 3114 482 3166 58.
506 3116 796 3182 AEquipares
830 3117 1060 3165 dirimens
1082 3128 1246 3179 partes
1275 3134 1342 3163 es:

319 3197 509 3261 impare
528 3208 689 3256 terno,
707 3193 740 3244 i.
755 3212 800 3247 e.
817 3204 896 3246 ter
914 3212 1010 3246 seu
1029 3193 1196 3245 tribus
1215 3190 1342 3245 vici·

319 3272 422 3323 bus
435 3270 678 3325 dividens
693 3290 940 3325 numeros
953 3289 1128 3342 pares:
1145 3271 1345 3326 veltres

320 3368 476 3421 pares
501 3370 752 3405 numeros
775 3352 1048 3422 tripliciter
1073 3351 1340 3404 dirimens.

323 3461 395 3471 -
413 3430 582 3499 Impar
609 3446 796 3483 ees-mem
835 3432 1030 3485 dicitnr
1067 3430 1237 3483 ternio
1257 3430 1343 3485 vel

323 3527 581 3563 numerus
607 3512 868 3565 ternarius
894 3512 1086 3582 impar.
1107 3512 1204 3562 En.

399 3590 484 3657 59.
522 3595 600 3641 Ee·
611 3594 815 3658 paribus
861 3594 1040 3657 triplex
1092 3592 1298 3639 'taedium
1324 3610 1342 3647 ,-

327 3689 478 3739 quum
517 3686 742 3737 quatuor.
777 3671 844 3721 Et
883 3670 1042 3722 iidem
1073 3687 1221 3738 pares
1245 3686 1344 3719 nu-

325 3749 462 3802 meri
475 3750 666 3820 triplex
685 3750 920 3803 medium
941 3749 1160 3812 habent,
1179 3766 1348 3817 quan-

329 3827 404 3881 do
427 3828 636 3881 medius
653 3840 925 3900 tamquam
947 3826 1223 3879 umbilicus
1241 3824 1350 3877 dis-

328 3908 524 3977 tinguit
571 3920 622 3961 et
669 3906 922 3979 disjungit
971 3912 1068 3958 duo
1117 3918 1168 3957 et
1221 3909 1318 3956 duo
1337 3944 1353 3969 ,

330 3990 528 4061 quibus
571 3988 794 4041 insertus
842 3987 1058 4040 unitatis
1102 4003 1352 4037 numerus

331 4068 604 4122 constituit
638 4070 912 4136 quinarium
940 4087 958 4117 .-
995 4070 1108 4117 Tn‘a
1142 4076 1194 4117 et
1229 4068 1355 4130 tria,

333 4149 484 4221 queis
497 4148 764 4203 immissus
781 4145 996 4203 conficit
1007 4149 1325 4215 septenarium
1337 4165 1356 4197 .-

1407 1538 1620 1592 quatuor
1656 1535 1706 1576 et
1730 1538 1971 1591 quantor,-
1998 1541 2117 1594 qua
2146 1525 2427 1596 conjuncta

1408 1622 1533 1656 cum
1559 1604 1735 1658 media
1754 1601 1959 1658 unitate
1976 1606 2289 1656 novenarium
2308 1603 2442 1657 effi-.

1407 1683 1572 1738 ciunt.
1593 1683 1760 1738 Tou..

1479 1767 1566 1817 61.
1596 1767 1798 1816 Tabula
1824 1777 1901 1815 ter
1924 1779 2195 1831 quaternos,
2232 1761 2285 1814 id
2324 1773 2401 1816 est
2414 1803 2429 1826 ‚

1410 1843 1732 1898 duodecim:
1762 1842 1907 1895 unde
1940 1843 2106 1914 Leges
2144 1841 2428 1894 duodecim

1409 1922 1714 1976 tabularum
1762 1921 1913 1974 dictae
1927 1959 1945 1986 ‚
1986 1941 2049 1975 ex
2098 1921 2293 1992 quibus
2341 1923 2429 1992 jus

1411 2020 1571 2056 omne
1603 2001 1760 2054 civile
1793 2001 2156 2054 Romanorum
2193 1997 2369 2064 fluxit,
2396 2018 2431 2051 a

1412 2082 1736 2134 Decemviris
1768 2081 2081 2152 perscripta.
2116 2081 2194 2131 De
2237 2079 2439 2149 quibus*

1412 2161 1535 2216 vide
1553 2162 1669 2216 Liv.
1688 2161 1777 2215 lib.
1799 2161 1904 2223 111,
1926 2180 2043 2232 cup.
2071 2160 2141 2224 34
2166 2173 2219 2212 et
2238 2159 2323 2228 37.

1486 2248 1571 2296 6².
1588 2249 1655 2294 Et
1665 2245 1833 2311 populi
1844 2261 2114 2312 cornminus.
2136 2239 2428 2302 Publicium

1416 2323 1563 2396 quod
1594 2322 1661 2377 ad
1693 2334 1882 2377 statum
1910 2321 2001 2375 Rei
2034 2321 2283 2373 Romame
2314 2335 2431 2391 spe-

1417 2412 1525 2458 ctat
1537 2444 1553 2469 ‚
1569 2404 1667 2455 sub
1678 2421 1787 2474 quo
1803 2418 2012 2454 &acrum
2032 2400 2189 2453 etiam
2203 2400 2432 2471 comple·

1416 2484 1577 2535 ctitur
1596 2481 1859 2550 Ulpianus
1876 2520 1892 2545 ‚
1912 2477 1982 2532 de
1997 2480 2141 2532 suris
2157 2478 2431 2532 divisione.

1417 2560 1555 2613 Vide
1582 2560 1756 2611 Instit.
1786 2559 1980 2611 Justin.
2004 2558 2086 2610 tit.
2116 2560 2165 2610 1.

1490 2644 1576 2692 63.
1622 2640 1991 2691 Interdictomm
2038 2640 2214 2688 crimem
2260 2657 2434 2704 genus.

1421 2718 1709 2771 lutei-dicta
1728 2755 1743 2779 ,
1768 2714 1965 2787 judicia
1992 2729 2115 2767 sunt
2136 2715 2207 2767 de
2233 2734 2436 2783 posses-

1421 2795 1749 2867 sione,quasi
1777 2793 2173 2859 interimdicta,
2197 2812 2289 2845 seu
2306 2812 2436 2865 pro-

1423 2876 1690 2937 nuntiata,
1712 2875 1841 2927 dum
1864 2874 1932 2927 de
1948 2872 2271 2945 proprietate
2292 2874 2433 2945 peni—

1422 2967 1508 3008 tus
1520 2965 1879 3025 cognoscatur.
1896 2952 2170 3019 Quoniam
2184 2964 2357 3003 autem
2370 2950 2439 3003 de

1423 3034 1749 3107 possessione
1784 3033 1869 3103 agi
1914 3030 2187 3103 tripliciter
2230 3040 2399 3101 potest
2419 3071 2434 3096 ‚

1423 3132 1617 3183 nempe
1644 3112 1713 3164 de
1744 3110 2066 3183 possessione
2082 3150 2096 3173 ,
2116 3127 2279 3181 quatu
2303 3109 2436 3161 anii-

1427 3195 1555 3248 seris
1566 3234 1583 3259 ,
1600 3191 1959 3263 recuperanda
1980 3206 1995 3252 ;
2017 3188 2086 3241 tle
2102 3189 2443 3259 possessione,

1427 3293 1591 3345 quam
1606 3272 1825 3334 habeas,
1849 3267 2123 3323 retinenda
2138 3288 2154 3329 ς
2172 3281 2223 3320 et
2242 3268 2312 3321 de
2332 3288 2445 3338 pos-

1428 3353 1659 3408 sessione
1674 3394 1689 3416 ,
1710 3368 1871 3422 quam
1886 3348 2125 3401 nondum
2150 3348 2445 3419 adprehen-

1429 3432 1571 3485 deris
1587 3472 1601 3496 ‚
1616 3428 1951 3500 adipiscenda
1976 3446 1989 3479 :
2014 3426 2139 3479 inde
2164 3439 2271 3491 est,
2299 3427 2443 3498 quod

1431 3512 1621 3582 triplex
1643 3508 2037 3562 interdictorum
2066 3525 2229 3577 genus
2256 3527 2285 3559 a
2309 3508 2447 3559 Pre-

1433 3602 1547 3641 tore
1568 3587 1839 3660 proditum
1860 3597 1936 3638 est
1952 3626 1969 3649 ‚
1996 3584 2189 3655 quibus
2206 3604 2239 3638 a
2264 3586 2450 3657 primis

1435 3669 1887 3739 uniuscujusque,
1912 3665 1969 3718 in
1998 3666 2239 3717 Praetoris
2264 3665 2457 3727 edicto,

1435 3748 1613 3803 verbis
1634 3747 1847 3799 nomina
1866 3744 2035 3799 indita
2051 3756 2195 3798 sunt.
2216 3746 2283 3796 Et
2298 3764 2451 3799 meu·

1437 3824 1679 3899 perandae
1696 3823 1913 3896 quidem
1934 3822 2271 3894 possessionis
2288 3825 2452 3877 inter-

1441 3906 1672 3969 dictum,
1720 3909 1859 3956 Unde
1900 3906 1981 3969 vi,
2030 3902 2340 3961 retinendae,
2386 3920 2456 3953 em

1429 3987 1692 4053 possidetis
1744 3997 1795 4037 et
1841 3986 1995 4035 utrobi
2004 4022 2017 4046 ‚
2073 3980 2422 4051 adipiscendae
2437 4019 2454 4044 ,

1442 4084 1647 4133 quorum
1681 4067 1917 4116 botrorum
1962 4062 2063 4115 fuit
2106 4058 2453 4131 adpeuatum„

1445 4144 1608 4196 Fnon.
