2964 4690
821 369 954 437 AD
999 367 1306 434 CARM.
1349 367 1478 435 DE
1528 369 1655 435 RE
1704 369 2017 486 HORT.3
2374 365 2463 434 23

613 496 671 548 si
693 496 868 568 potuit
886 495 1034 550 nasci
1047 535 1064 560 ‚
1087 513 1248 567 quem
1274 505 1332 548 tu
1357 497 1651 567 sequereris
1665 536 1682 561 ‚
1702 497 1929 550 nomm
1942 537 1957 560 ‚

683 587 944 640 Nascetur
964 584 1058 658 qui
1079 596 1130 638 te
1151 585 1314 658 possit
1327 626 1344 650 ,
1371 585 1599 640 Homere
1616 623 1635 650 ,
1670 587 1833 658 sequi.

337 723 568 814 Neque
593 727 812 788 minus
840 723 1036 806 aliud,
1061 722 1142 785 de
1173 723 1485 811 Operibus
1512 723 1777 811 Virgilii
1793 725 2195 810 inscriptum,
2216 721 2467 786 Alcinio

342 851 380 892 e
407 845 677 895 vetustae
729 829 1120 894 membranae
1171 827 1298 893 fide
1330 830 1562 893 tribuit
1591 831 1889 894 Barthius
1912 877 1929 909 ,
1962 826 2230 892 Advers.
2269 827 2429 892 xlx
2448 877 2465 908 ‚

340 937 458 1016 24,
488 931 666 1024 quod
695 935 955 1000 Anthol.
987 937 1206 1000 Burm.
1235 933 1346 998 lib.
1374 934 1439 998 11
1462 983 1480 1016 ‚
1503 955 1605 1022 ep.
1640 934 1793 1022 173,
1817 935 1909 998 sic
1934 935 2199 1022 legitur:

613 1073 902 1127 Maenium
930 1073 1171 1144 quisquis
1195 1073 1458 1126 Romanus
1480 1073 1648 1126 nescit
1666 1071 1957 1126 Homerum
1973 1111 1987 1134 ‚

683 1161 770 1214 Me
793 1159 960 1232 legat,
992 1171 1046 1212 et
1060 1159 1258 1214 lectum
1279 1159 1458 1213 credat
1481 1173 1770 1232 utrumque
1789 1159 1906 1214 sibi.

611 1249 762 1302 mim
781 1248 1064 1303 immensos
1087 1249 1308 1302 miratur
1326 1249 1536 1303 Gracia
1556 1267 1770 1322 campos
1784 1289 1799 1313 ,

685 1339 780 1390 Ast
799 1338 969 1391 minor
991 1349 1068 1390 est
1089 1338 1268 1399 uobis,
1296 1337 1390 1391 sed
1409 1339 1546 1392 bene
1568 1337 1741 1392 cultus
1766 1355 1911 1408 ager.

612 1426 732 1479 Non
751 1439 952 1498 pastor,
971 1425 1140 1494 mileo,
1153 1443 1254 1479 uec
1275 1444 1470 1492 curvus
1492 1424 1661 1479 deerit
1682 1437 1877 1479 arator.

681 1511 803 1566 Hoc
828 1511 1002 1566 Graiis
1026 1524 1268 1566 constant
1289 1513 1527 1584 singula,
1552 1513 1687 1564 trina
1710 1513 1861 1566 mihi.

336 1644 404 1710 si
451 1645 596 1732 quis
626 1645 866 1711 horum
898 1647 1452 1736 Epigrammatum
1489 1647 1757 1736 genium
1790 1662 1854 1710 et
1884 1647 2265 1734 elegantiam
2300 1667 2457 1710 con·

334 1747 601 1832 sidet-et,
627 1766 1084 1840 comparetque
1116 1773 1266 1814 cum
1299 1775 1378 1814 eo
1403 1751 1668 1833 Alcimi,
1699 1749 1878 1840 quod
1914 1750 2081 1814 inter
2112 1749 2457 1814 Hortensia

331 1854 700 1940 posuimus,
724 1856 792 1918 in
833 1855 970 1920 istis
1015 1855 1252 1944 pariter
1286 1872 1481 1944 atque
1515 1855 1585 1920 in
1620 1856 1749 1920 hoc
1785 1855 2141 1944 simplicem
2177 1855 2463 1948 aliquam

331 1976 732 2026 venustatem
782 1977 848 2025 et
905 1961 1194 2028 melioris
1238 1964 1356 2026 aevi
1409 1944 1631 2027 notam
1686 1959 2171 2028 animadvertet.
2229 1962 2458 2049 Neque

329 2065 550 2155 igitur,
581 2067 777 2130 unius
813 2068 952 2132 haec
989 2069 1203 2132 omnia
1239 2069 1525 2133 auctoris
1555 2091 1729 2148 esse,
1761 2068 1944 2132 facile
1976 2069 2122 2155 quis
2153 2067 2454 2156 ambigat,

329 2185 393 2234 et
432 2171 573 2236 talis
608 2171 872 2260 quidem
899 2174 1180 2240 auctoris
1200 2223 1216 2251 ,
1241 2175 1355 2263 qui
1375 2176 1478 2239 vel
1513 2175 1649 2262 ipse
1682 2175 1945 2239 meliore
1982 2188 2163 2238 aetate
2185 2173 2412 2236 vixerit
2428 2221 2449 2252 ‚

327 2275 428 2340 vel
459 2277 796 2367 ingenium
840 2301 1033 2344 suum
1069 2294 1207 2344 arte
1227 2327 1248 2361 ,
1293 2278 1511 2344 studio
1528 2328 1547 2362 ‚
1586 2281 1949 2344 imitatione
1988 2278 2072 2344 ad
2106 2278 2449 2343 meliorum

327 2382 900 2474 antiquiorumque
943 2386 1234 2474 exempla
1277 2388 1720 2452 conformarit.
1756 2386 1840 2451 Et
1876 2385 2145 2477 quidem
2179 2387 2248 2449 in
2284 2387 2455 2449 anti·

327 2510 458 2576 quo
485 2507 915 2555 monumento
947 2490 1122 2581 apud
1151 2488 1537 2575 Gruterum,
1559 2515 1704 2582 pag.
1734 2493 1857 2558 312
1877 2541 1897 2574 ‚
1916 2516 1982 2557 n.
2016 2490 2051 2556 5
2078 2540 2096 2573 ,
2114 2492 2287 2557 Serv.
2314 2492 2457 2556 Sul-

326 2593 529 2681 picius
554 2596 720 2685 Aug.
747 2594 888 2662 Lib.
912 2596 1193 2663 Alcimus
1221 2598 1539 2681 occurrit,
1562 2620 1757 2687 quem
1786 2597 2003 2663 Galbae
2040 2598 2452 2687 Imperatoris

324 2697 656 2765 Libertum
687 2698 886 2765 fuisse
923 2724 1002 2765 ex
1037 2702 1304 2766 nomine
1341 2703 1619 2785 conjicio
1639 2752 1657 2785 ‚
1690 2720 1886 2792 atque
1920 2702 2083 2768 adeo
2123 2702 2453 2791 Vespasia-

325 2827 562 2871 norum
589 2808 758 2871 aetati
785 2806 1256 2897 adsignandum
1283 2824 1466 2898 puto·
1527 2809 1653 2874 Sed
1681 2810 2034 2897 quominus
2058 2831 2211 2872 eum
2236 2824 2454 2872 aucto-

325 2934 460 2975 rem
483 2913 845 2977 carminum
867 2915 1358 3003 propositorum
1380 2914 1579 2979 fuisse
1600 2914 1907 3003 suspicer,
1927 2913 2055 2987 vita
2077 2930 2141 2977 et
2159 2912 2449 2978 officium

325 3019 462 3098 ejus
513 3020 580 3082 in
626 3019 838 3111 lapide
875 3036 1305 3085 memoratum
1339 3020 1702 3087 intercedit.
1744 3020 1913 3087 Nam
1950 3019 2225 3085 oedituus
2261 3020 2451 3085 Isidis

323 3122 586 3214 Pelagiae
637 3125 867 3208 fuisse,
903 3142 968 3191 et
999 3149 1206 3191 annos
1255 3128 1318 3191 X
1364 3126 1699 3193 aedituasse
1754 3125 2015 3208 dicitur,
2060 3128 2243 3208 cujus
2296 3150 2449 3193 sane

323 3230 608 3294 muneris
641 3252 715 3295 ea
741 3230 904 3295 ratio
935 3247 1060 3311 est,
1088 3247 1165 3295 ut
1192 3231 1433 3321 ingenii
1463 3254 1579 3321 per
1605 3248 1775 3298 artes
1804 3230 2171 3313 excolendi,
2205 3233 2447 3297 Musis-

325 3356 454 3422 que
487 3334 720 3400 litandi
767 3336 1133 3400 facultatem
1171 3350 1237 3400 et
1270 3337 1487 3401 locum
1523 3338 1629 3403 vix
1668 3337 2001 3405 concedat.
2047 3338 2221 3403 Malo
2252 3339 2448 3429 igitur

322 3440 517 3503 alium
537 3488 558 3521 ,
581 3440 894 3530 sequioris
923 3441 1124 3505 aetatis
1157 3441 1422 3529 quidem
1439 3489 1457 3523 ,
1484 3441 1597 3506 sed
1634 3443 1970 3509 rhetoricae
1996 3444 2412 3532 professionis
2430 3492 2447 3525 ,

322 3544 647 3609 Alcimum
681 3546 816 3610 huc
845 3568 1109 3627 vocare,
1131 3567 1328 3634 quem
1366 3544 1671 3611 Sidonius
1707 3548 2089 3635 Apollinaris
2138 3564 2213 3613 ut
2235 3550 2446 3613 virum

321 3650 732 3739 eloquentem
765 3650 985 3717 laudat
1003 3700 1023 3733 ,
1047 3667 1110 3715 et
1140 3651 1250 3715 lib.
1279 3652 1434 3717 VIII
1451 3700 1470 3734 ,
1502 3652 1703 3740 Epist.
1724 3654 1841 3736 XI,
1870 3654 2185 3745 significat
2206 3656 2445 3719 instru-

320 3758 601 3823 ctionem
628 3758 1016 3823 rhetoricam
1040 3754 1216 3844 apud
1239 3756 1635 3847 Nitiobriges
1660 3760 1726 3821 in
1750 3760 2091 3847 Aquitania
2112 3758 2447 3850 (1)magna

385 3936 462 4005 (ι)
496 3936 606 4001 Qui
644 3936 959 4007 Nitiobriges
1005 3934 1150 4007 apud
1193 3936 1450 3991 Courem
1466 3978 1482 4003 ,
1516 3936 1833 3993 Strabonem
1856 3976 1873 4003 ,
1918 3939 2255 3993 ptolemeum
2292 3952 2413 3993 sunt
2432 3976 2446 4001 ,

319 4020 480 4075 hodie
520 4022 680 4095 vulgo
719 4023 1046 4094 Aginuemes
1086 4042 1118 4075 a
1165 4042 1258 4077 sua
1297 4025 1573 4097 metropoli
1602 4025 1843 4096 Aginuo,
1888 4026 2162 4080 Ptolemaeo
2202 4025 2407 4098 cognita
2431 4067 2445 4092 ,

319 4112 632 4179 vocitantur,
651 4122 710 4165 ut
731 4110 948 4167 adnotat
966 4112 1192 4165 Vinctus
1216 4110 1284 4165 ad
1313 4114 1515 4169 Auscn.
1534 4112 1673 4167 Prof.

2106 4248 2131 4284 Χ
