2964 4690
788 370 925 437 DE
974 370 1309 439 CULTU
1359 370 1964 437 HORTORUM.

2343 366 2432 462 87

410 494 603 559 Tunc
640 514 901 583 praeoox
937 488 1147 558 bifera
1180 488 1526 559 descendit
1559 489 1644 557 ab
1681 490 1920 557 arbore
1955 487 2118 557 ficus
2139 543 2159 571 ‚

406 600 903 693 Armeniisque,
936 615 1005 669 et
1036 598 1338 683 cereolis,
1374 600 1738 694 prunisque
1769 596 2078 667 Damasci

410 712 763 805 stipantur
794 708 1079 795 calathi,
1106 725 1177 779 et
1209 711 1457 805 pomis,
1493 734 1642 803 quae
1682 710 1964 778 barbara
1997 711 2214 779 Persis

2360 732 2436 775 405

410 820 687 889 Miserat
704 874 725 905 ,
768 834 843 888 ut
878 818 1055 889 fama
1092 835 1195 889 est
1212 874 1233 909 ,
1270 822 1502 915 patriis
1543 834 1798 888 armata
1839 820 2128 888 venenis.

312 992 495 1046 sabula
544 993 799 1063 sanguine
844 993 1082 1047 hnmano
1133 994 1331 1049 tinctus

310 1070 539 1137 dicitnr3
568 1070 693 1123 hinc
720 1070 789 1125 ad
812 1072 1103 1145 augendam
1126 1072 1331 1145 signifi-

312 1151 577 1203 cationem
606 1148 818 1204 additur
840 1154 1164 1221 sanguineas.
1190 1153 1333 1205 Alias

311 1228 619 1300 simpliciter
646 1248 787 1281 nom
815 1245 1048 1292 omenta,
1074 1244 1133 1284 nt
1158 1232 1213 1284 in
1235 1231 1335 1284 Co-

316 1327 415 1399 μ’,
438 1327 519 1361 vs.
544 1327 634 1373 ιι,
659 1320 711 1361 et
736 1310 791 1361 in
816 1309 1189 1363 Petroni-nis·
1208 1327 1331 1361 san·

314 1388 511 1457 guineo
532 1390 669 1440 male
688 1406 836 1441 mora
854 1390 1092 1442 rubentis
1116 1406 1313 1443 succo·-

316 1466 621 1539 Propertius
666 1468 885 1522 «estivo
922 1470 1011 1523 die
1050 1487 1197 1522 mora
1242 1488 1333 1521 ru·

314 1545 487 1598 bere-
512 1546 586 1599 sit
606 1548 709 1611 IV,
740 1565 793 1610 a,
818 1549 899 1601 ι3.

386 1626 508 1689 403.
550 1630 687 1677 stne
710 1646 923 1693 [ιι-«εσσε
964 1628 1141 1695 biſsem.
1186 1626 1337 1692 Quo-

316 1702 457 1757 niam
484 1704 617 1758 ficus
634 1719 709 1758 est
730 1706 867 1759 inter
887 1706 1101 1759 arbores
1118 1705 1334 1770 biferas,

316 1800 435 1852 qua
458 1784 737 1855 quotannis
762 1784 993 1837 fructum
1028 1785 1104 1838 bis
1130 1786 1303 1839 ferunt
1318 1823 1333 1849 ,

316 1861 447 1915 hinc
462 1880 647 1915 earum
664 1863 749 1916 fici
876 1876 893 1915 t
922 1883 1201 1935 praeeoces,
1218 1882 1337 1936 quae

312 1944 425 2011 jam
460 1940 647 1997 diebu·
682 1943 1073 1997 canicularibus
1108 1962 1339 2016 carpun-

318 2032 421 2073 tur.
456 2022 654 2075 Earum
694 2024 1011 2076 mentionem
1056 2024 1183 2077 facit
1209 2024 1337 2077 Sue·

318 2100 495 2153 tonius
522 2100 575 2153 in
602 2103 737 2173 Aug.
760 2120 879 2173 cap.
902 2105 1005 2173 76:
1044 2127 1067 2149 ι
1090 2102 1218 2156 ficos
1251 2103 1335 2156 vi-

316 2178 459 2231 rides
496 2180 688 2233 biferas
732 2182 961 2233 maxime
990 2180 1267 2255 adpetebat
1286 2206 1333 2233 a.

318 2258 387 2309 Et
418 2278 665 2325 pneeoces
700 2278 822 2313 cum
862 2261 1041 2314 biferis
1080 2272 1337 2315 memorat

318 2336 545 2404 Plinius,
566 2339 696 2392 XVI
710 2377 727 2403 ,
760 2344 827 2392 26
852 2353 982 2393 extr.
1002 2353 1053 2394 et
1074 2361 1139 2411 ²7
1162 2340 1333 2413 princ.

320 2416 523 2470 -F'icus
563 2429 615 2470 et
655 2437 913 2488 pracoces
962 2419 1121 2472 habet
1143 2461 1158 2486 ,
1207 2439 1337 2493 quas

320 2499 541 2552 Athenis
562 2499 873 2571 prodromos
901 2512 1111 2553 vocant.
1146 2501 1211 2552 In
1238 2503 1339 2552 La·

320 2580 507 2631 conico
544 2596 733 2649 genere
762 2579 991 2632 maxime
1029 2591 1169 2632 aunt.
1204 2579 1337 2632 Sunt

320 2668 375 2708 et
404 2656 583 2710 hifm
613 2657 667 2708 in
700 2656 912 2709 eisdem.
941 2659 1007 2709 In
1034 2661 1142 2712 Cea
1168 2659 1335 2712 insula

320 2735 553 2806 oopriflci
580 2735 773 2788 trifero
790 2748 912 2789 sunt
936 2737 1189 2790 ·.Biferas
1214 2738 1339 2790 Sue·

320 2813 449 2866 tonii
477 2815 787 2868 Torrentius
822 2833 924 2885 pm
963 2829 1109 2868 certo
1148 2834 1339 2886 genere

320 2895 434 2965 ejus
458 2893 607 2964 pomi
630 2892 845 2964 accipit,
875 2895 1009 2947 sicut
1028 2907 1079 2947 et
1096 2896 1335 2948 Macrob.

320 2973 533 3026 saturn.
556 2971 641 3037 II,
676 2974 771 3038 16,
802 2991 887 3026 eas
915 2973 1030 3027 aliis
1060 2974 1339 3045 generibus

322 3049 547 3116 ficorum
572 3049 895 3104 adnumerat.

394 3135 515 3193 404.
552 3133 907 3198 Armeniisque.
940 3131 1163 3184 Videtur
1187 3131 1339 3183 intel-

324 3211 485 3282 ligere
506 3228 751 3282 pomum,
782 3211 925 3281 quod
957 3213 1049 3265 lib.
1067 3215 1134 3278 V,
1164 3232 1253 3272 ιο,
1274 3232 1306 3279 9
1322 3251 1336 3276 ,

337 3316 361 3336 ·
378 3290 597 3344 soi-bum
617 3291 981 3344 Armeniacum
996 3318 1021 3338 ω
1044 3305 1199 3346 vocat
1217 3329 1233 3354 ,
1268 3302 1343 3343 at-

326 3387 459 3440 qne,
482 3381 539 3420 nt
561 3368 669 3433 hic,
684 3389 803 3423 cnm
825 3370 1032 3424 Persico
1050 3370 1337 3444 conjungit.

324 3445 529 3518 Nempe
553 3465 723 3518 pruna
748 3467 807 3501 ea
822 3489 839 3514 ,
863 3467 981 3520 qun
1006 3451 1130 3503 alias
1151 3471 1343 3517 praeco·

331 3547 431 3594 qua
444 3563 463 3586 ,
498 3526 659 3596 vulgo
691 3531 913 3579 Abn‘coes
930 3567 947 3594 ‚
994 3527 1341 3600 adpellantur.

328 3607 465 3660 Hinc
488 3619 541 3660 et
566 3609 765 3658 cereolis
785 3618 917 3678 puto
944 3607 1163 3661 indicari
1186 3607 1343 3679 pruni

328 3703 509 3756 genus.
532 3689 679 3738 Cema
688 3707 855 3754 prema
872 3687 1023 3740 effert
1038 3688 1186 3739 Maro
1197 3728 1211 3753 ,
1231 3687 1343 3740 Bel.

330 3766 423 3829 11,
450 3765 543 3825 533
574 3769 743 3818 cerina
770 3767 998 3833 Plinius,
1022 3767 1149 3828 XV,
1176 3785 1219 3819 s.
1255 3784 1278 3819 1

328 3865 485 3897 novas
514 3849 757 3898 instantia
786 3866 925 3899 cerm
949 3846 1107 3900 ovid.
1130 3847 1343 3900 Metam.

334 3926 499 3986 xm,
526 3944 602 3979 vs.
633 3929 769 3989 8183
806 3945 1130 3998 quamquam
1158 3925 1347 3978 Noster

334 4003 527 4058 deinde
564 4012 779 4075 vs.417
822 4005 957 4058 inter
990 4005 1122 4057 ficus
1156 4005 1349 4070 refert,

334 4101 503 4156 qua·
478 4095 727 4138 cservant
750 4083 902 4138 flnvae
926 4082 1239 4156 cognomina
1261 4101 1349 4137 ce·

1412 1012 1539 1047 ra».
1561 1024 1634 1033 —-
1649 994 1922 1059 &unisque
1937 995 2196 1045 Damasci.
2223 990 2439 1044 Addun-

1414 1085 1507 1124 tur
1527 1090 1698 1143 pruna
1717 1072 2042 1123 Damascena
2056 1108 2072 1133 ,
2091 1070 2217 1142 quia
2234 1082 2286 1121 et
2305 1088 2438 1143 pras-

1414 1150 1652 1203 cedentia
1680 1160 1826 1201 erant
1858 1168 1888 1201 e
1911 1167 2098 1221 genere
2121 1166 2432 1219 prunorum.

1414 1230 1563 1283 Inter
1623 1228 1910 1299 peculiam
1983 1228 2150 1300 Syrio
2215 1228 2432 1281 arbom

1415 1309 1616 1361 Plinius
1632 1345 1650 1372 ‚
1666 1307 1800 1360 XIII
1820 1344 1836 1369 ,
1856 1325 1899 1359 s.
1927 1324 2018 1372 ιο,
2035 1306 2198 1359 refert
2223 1324 2434 1378 -pruna

1416 1388 1469 1441 in
1495 1392 1757 1442 Damasco
1789 1398 1971 1439 monte
2003 1399 2168 1440 nata·
2181 1404 2346 1459 ‚quae
2383 1398 2436 1439 et

1416 1476 1732 1521 Damascena
1776 1466 2040 1538 adpellata
2087 1466 2220 1529 XV,
2265 1486 2306 1520 s.
2355 1484 2432 1519 ιιι.

1416 1548 1616 1601 Eadem
1635 1560 1804 1601 suut·
1781 1565 1988 1620 eprnna
2005 1547 2264 1619 Syriaca·
2292 1545 2436 1619 apud

1418 1627 1628 1682 Petu-on.
1647 1647 1762 1699 cap.
1783 1627 1871 1680 31.

1490 1709 1612 1773 405.
1635 1714 1698 1760 Ee
1713 1709 1895 1776 pomis,
1915 1725 2028 1775 quoe
2051 1709 2264 1756 barbam
2281 1708 2415 1756 Persi
2412 1724 2437 1755 s

1416 1794 1642 1842 Miserae.
1691 1794 1916 1840 Perseum
1972 1785 2212 1837 arborem
2265 1784 2438 1836 Theo-

1415 1870 1664 1941 phrastus
1682 1908 1698 1933 ,
1731 1864 2046 1919 recentiores
2081 1864 2238 1917 etiam
2271 1867 2436 1915 Persi-

1416 1968 1530 1999 cam
1573 1947 1938 2011 nominarunt,
1979 1954 2340 2015 putaruntque
2381 1943 2434 1994 in

1416 2025 1627 2079 Perside
1675 2026 1834 2078 fuisse
1885 2034 2198 2077 venenatam
2216 2059 2231 2084 ,
2279 2032 2438 2093 atque

1416 2106 1554 2159 hanc
1597 2118 1838 2157 naturam
1878 2114 2080 2155 mutato
2122 2101 2235 2154 solo
2282 2101 2440 2171 depo-

1416 2186 1598 2239 suisse.
1651 2184 1754 2237 Sed
1806 2194 2088 2255 postquam
2138 2180 2342 2233 Persica
2380 2180 2436 2231 in

1416 2263 1675 2317 Graeciam
1704 2274 1756 2315 et
1785 2262 2045 2331 reliquam
2079 2258 2344 2331 Europam
2377 2258 2438 2309 il-

1418 2345 1526 2397 lata
1547 2357 1648 2410 est,
1676 2344 1834 2397 arbor
1853 2341 1968 2396 haec
1995 2355 2044 2394 et
2075 2359 2230 2413 poma
2263 2354 2440 2410 postea

1416 2423 1683 2476 solennius
1707 2421 2059 2482 Medica,item
2089 2423 2250 2472 eima
2275 2419 2440 2484 dicta,

1418 2515 1568 2555 vetus
1591 2520 1780 2554 nomen
1805 2501 2022 2553 amisere
2039 2539 2054 2565 ‚
2087 2499 2223 2551 fama
2257 2497 2346 2550 illa
2372 2497 2442 2550 de

1418 2599 1624 2636 veneno
1669 2584 1779 2652 ejus
1835 2579 2068 2632 naturali
2115 2577 2258 2649 apud
2313 2595 2443 2629 non-

1419 2661 1590 2713 nullos
1618 2659 1672 2710 in
1696 2665 1872 2710 Persea
1887 2656 2238 2728 Theophrasti
2259 2656 2445 2719 haesit3

1419 2755 1737 2811 quamquam
1785 2749 1836 2788 et
1873 2737 1976 2790 hoc
2019 2735 2270 2806 deinceps
2315 2734 2447 2786 falso

1422 2815 1604 2889 prodi,
1639 2827 1690 2866 et
1714 2815 1956 2868 Peraeam
1981 2834 2011 2866 a
2034 2813 2242 2866 Persica
2265 2831 2446 2884 perpe*

1420 2914 1536 2948 ram
1579 2893 1830 2964 distingui
1879 2891 2146 2964 cognitum
2188 2903 2280 2944 eet.
2313 2891 2446 2954 Quas

1422 2986 1596 3026 tamen
1624 2972 1892 3044 persuasio
1913 2970 1980 3024 de
1997 2990 2202 3025 veneno
2219 2971 2420 3022 Persen
2431 3010 2446 3035 ,

1423 3074 1453 3108 a
1487 3053 1692 3106 Persica
1727 3051 1972 3118 diversit,
2009 3062 2214 3103 tantum
2247 3049 2446 3116 valuit,

1426 3145 1486 3186 ut
1523 3146 1700 3186 contra
1737 3133 1936 3185 malum
1977 3130 2242 3183 Medicum
2264 3170 2278 3194 ,
2317 3129 2444 3181 olim

1426 3212 1689 3265 Persicum
1707 3254 1722 3276 ,
1739 3230 1846 3264 non
1875 3211 2034 3263 modo
2061 3209 2350 3262 admodum
2375 3225 2448 3260 sa-

1428 3291 1610 3354 lubre,
1639 3289 1731 3344 sed
1753 3291 1876 3361 ipsis
1909 3289 2060 3343 etiam
2087 3287 2298 3342 venenis
2319 3287 2446 3343 resi·

1427 3383 1566 3422 stere
1605 3368 1890 3422 crederent.
1927 3369 2096 3420 Testis
2141 3379 2215 3420 est
2258 3366 2446 3438 Vir-gil:

1428 3449 1622 3518 Georg.
1652 3448 1741 3513 Π,
1795 3451 1892 3500 126
1929 3465 2074 3518 seqq.
2130 3446 2336 3499 Plinius
2380 3445 2448 3498 dc

1430 3527 1647 3580 Persicis
1686 3543 1846 3594 agens
1886 3525 2234 3578 Columellam
2276 3543 2450 3596 repre·

1430 3605 1660 3658 bendere
1691 3604 1928 3668 videtur,
1965 3605 2092 3670 XV,
2135 3606 2197 3658 13
2219 3643 2234 3667 ,
2270 3623 2314 3656 s.
2351 3603 2445 3656 13:

1430 3711 1455 3732 «-
1472 3685 1680 3738 Falsum
1706 3695 1782 3736 est
1797 3695 2051 3736 venenata
2070 3701 2190 3736 cum
2210 3683 2450 3737 cruciatu

1288 3784 1343 3830 ²3
1432 3765 1486 3817 in
1505 3763 1675 3816 Persis
1693 3763 1834 3834 gigni
1856 3801 1871 3825 ,
1913 3775 1966 3815 et
1987 3780 2250 3834 ptenarum
2267 3781 2450 3815 caussa

1432 3863 1460 3896 a
1505 3843 1712 3914 regibus
1750 3843 1804 3894 in
1844 3845 2134 3912 AEgyptum
2177 3841 2454 3904 translata,

1434 3936 1568 3975 terra
1607 3921 1860 3992 mitigata.
1893 3921 1954 3973 Id
1990 3921 2128 3973 enim
2167 3920 2232 3972 de
2267 3920 2454 3972 Persea

1434 4001 1794 4073 diligentiores
1817 3999 2028 4053 tradunt
2041 4039 2054 4064 ,
2072 4017 2190 4070 qnae
2211 3999 2454 4049 intutum

1437 4082 1538 4136 alia
1567 4093 1644 4135 est
1663 4117 1680 4148 ,
1708 4081 1876 4154 myxis
1905 4077 2212 4134 rubentibus
2247 4075 2454 4148 similis,
