2964 4690
548 376 687 471 370

1352 376 1868 444 SYMPOSII

1302 600 1580 668 XXVI.
1629 598 1916 666 GRUS.

642 768 914 833 [ιτ-ΕΒΑ
951 786 1095 831 sum
1132 757 1271 829 caeli
1313 782 1532 853 penna
1567 758 1934 855 perscripta
1965 754 2253 841 volanti,

644 871 830 942 Bella
864 884 1142 939 cruenta
1180 893 1412 965 gerens
1448 866 1708 937 volucri
1744 866 2125 937 discrimine
2161 868 2427 954 MartiS,

642 984 786 1052 Nec
826 1006 1058 1051 vereor
1100 1004 1391 1075 pugnas,
1428 978 1590 1047 dum
1627 1002 1762 1047 non
1805 978 1892 1045 sit
1933 975 2196 1071 longior
2233 977 2462 1047 hostis.

624 1198 668 1232 1.
699 1180 856 1229 Lirem
884 1194 989 1226 sum
1008 1176 1131 1226 ooelae‘.
1151 1170 1233 1224 Ad
1267 1171 1381 1224 haec
1403 1170 1565 1223 verba

548 1260 603 1311 in
647 1258 824 1329 primo
879 1254 1169 1325 Anglicano
1217 1250 1400 1304 codice
1451 1249 1566 1301 haec

548 1340 720 1411 glossa
765 1336 958 1408 legitur
1000 1333 1264 1404 adscripta
1290 1350 1305 1387 ε
1340 1355 1363 1377 ι
1392 1329 1566 1383 Grues

548 1418 691 1472 enim
705 1416 892 1470 ordine
909 1416 1117 1467 literato
1135 1412 1191 1464 in
1212 1428 1332 1464 aere
1346 1410 1566 1463 volant».

546 1495 820 1560 Martialis,
844 1494 936 1547 lib.
960 1492 1165 1562 1X,ep.
1194 1496 1255 1554 14
1276 1526 1293 1553 ,
1318 1488 1384 1543 ad
1412 1488 1566 1541 Eari-

550 1594 681 1631 num
699 1593 713 1628 ε
736 1600 761 1619 ι
775 1574 981 1627 Nomen
994 1572 1184 1633 habes,
1202 1570 1395 1640 inquit,
1406 1565 1568 1634 Quod

550 1672 725 1728 penna
746 1652 1005 1726 scribente
1018 1668 1173 1723 grues
1189 1648 1256 1703 ad
1270 1649 1444 1702 sidera
1462 1646 1570 1701 tol-

550 1736 664 1787 lant
684 1758 731 1785 a.
759 1730 927 1797 Idem,
940 1729 1030 1783 lib.
1052 1730 1218 1793 XIII,
1256 1747 1342 1800 ep.
1371 1727 1466 1797 75,
1501 1723 1570 1778 de

550 1813 764 1886 gruibus
786 1831 799 1865 :
822 1837 845 1859 ι
858 1809 1123 1864 Turbabis
1142 1827 1320 1863 versus
1338 1850 1353 1876 ,
1380 1825 1481 1860 nec
1501 1806 1565 1858 li-

552 1906 661 1946 tera
690 1902 800 1945 tota
828 1891 1049 1949 volabit,
1075 1890 1251 1941 Unam
1272 1884 1570 1960 perdideris

552 1972 595 2025 si
614 1970 910 2024 Palamedis
926 1986 1081 2023 avem
1101 1994 1145 2018 n.
1171 1966 1379 2020 Scilicet
1400 1984 1570 2037 quum

552 2069 743 2124 «grues
762 2050 937 2103 aestiva
956 2046 1289 2119 relinquunt,
1312 2058 1364 2097 et
1390 2043 1571 2117 tepido

550 2143 855 2206 permutant
886 2131 1169 2203 Strymona
1209 2125 1364 2191 Nilo,
1402 2124 1568 2179 ordi·

549 2213 708 2267 nibus
731 2211 886 2264 variis
906 2230 1001 2283 per
1014 2208 1194 2262 nubila
1208 2244 1225 2269 ‚
1245 2206 1443 2259 texitur
1466 2204 1572 2258 ales

552 2294 729 2344 Litera
748 2331 763 2358 ,
786 2304 1187 2363 pennarumque
1216 2286 1357 2339 notis
1382 2284 1569 2339 inscri-

552 2371 696 2424 bitur
721 2390 811 2423 aer
830 2395 874 2436 ι,
898 2381 958 2422 nt
986 2367 1313 2422 Claudianus
1334 2367 1474 2420 canit
1501 2365 1570 2418 de

554 2451 695 2503 bello
718 2449 864 2502 Gild.
892 2467 941 2501 v.
972 2454 1074 2519 474
1110 2466 1253 2519 seqq.
1282 2445 1462 2498 Hnuu.
1498 2475 1570 2484 —

554 2536 757 2582 Pennas
768 2549 865 2596 per
888 2531 1066 2597 scripta
1092 2531 1321 2578 volantes
1358 2525 1478 2577 Per.
1519 2535 1570 2577 et

552 2611 751 2664 Schott.
806 2625 981 2676 penna
1026 2609 1299 2674 perscripta
1347 2606 1568 2656 volantis

553 2687 695 2741 Pith.
722 2697 775 2739 et
787 2687 927 2737 Cast.
949 2683 1191 2736 Bochart.
1208 2680 1415 2736 Hieroz.
1431 2695 1568 2754 part.

554 2771 629 2829 11,
653 2767 750 2833 lib,
768 2767 815 2828 1,
840 2782 958 2835 cap.
986 2779 1069 2826 11,
1086 2759 1179 2812 ubi
1192 2759 1337 2814 hunc
1355 2777 1572 2813 versum

554 2849 807 2909 illustrat,
836 2853 978 2896 recte
1000 2839 1213 2912 conjicit
1234 2879 1249 2904 ,
1280 2838 1570 2910 genitivum

555 2929 774 2982 volantis
802 2920 1115 2976 mutandum
1150 2919 1207 2970 in
1250 2918 1568 2971 ablativum:

555 3013 778 3069 volante,
799 3018 851 3058 et
864 3005 1063 3056 volanti
1078 2998 1357 3053 ediderunt
1372 2997 1567 3051 Henm.

555 3100 609 3141 et
645 3087 821 3159 Heyn.

630 3184 678 3221 a.
720 3167 860 3217 Bella
899 3164 1101 3212 omenta
1142 3176 1336 3225 gerens.
1382 3155 1572 3209 Innuit

556 3257 705 3316 poeta
741 3243 971 3298 fabulam
1014 3237 1348 3292 Homericam
1374 3236 1442 3289 de
1467 3237 1567 3309 Py-

556 3324 733 3396 gmoeis
746 3343 867 3378 cum
883 3319 1099 3393 gruibus
1120 3315 1570 3389 belligerantibus,

556 3423 715 3478 quam
756 3415 809 3458 et
857 3401 1057 3455 Plinius
1096 3399 1277 3471 paucis
1310 3408 1570 3448 memorat

559 3483 692 3537 Hist.
710 3483 827 3535 Nat.
846 3482 934 3535 lib.
950 3483 1052 3544 lv,
1066 3497 1115 3533 c.
1144 3497 1167 3532 1
1179 3496 1226 3545 1,
1251 3489 1303 3530 et
1318 3475 1410 3528 lib.
1426 3476 1535 3528 vn
1549 3514 1567 3539 ‚

556 3582 601 3616 c.
645 3581 692 3614 a.
734 3563 916 3615 Hnum.
957 3559 1074 3613 Dixi
1110 3559 1215 3631 jam
1255 3555 1460 3628 pridem
1501 3553 1570 3607 ad

556 3641 708 3696 nutu.
726 3641 848 3693 Itin.
868 3642 922 3706 1,
948 3655 1065 3708 ²9¹·
1083 3669 1152 3678 —
1168 3633 1362 3689 Fabula
1388 3647 1568 3688 autem

554 3724 667 3776 haec
685 3720 886 3792 origine
903 3717 1128 3772 deducta
1151 3735 1181 3769 a
1200 3716 1416 3768 Gerana
1428 3751 1445 3777 ‚
1474 3713 1572 3786 Py·

552 3817 843 3874 gmaeorum
879 3798 1079 3870 regina,
1123 3813 1239 3868 quae
1285 3813 1316 3846 a
1359 3794 1569 3845 Iunone

552 3894 765 3953 propter
800 3891 987 3951 spreta
1022 3877 1203 3929 forme
1239 3875 1486 3947 injuriam
1511 3873 1566 3925 iu

1649 1176 1850 1230 Gruem
1880 1196 2059 1243 versa,
2099 1188 2352 1230 aternum
2393 1176 2520 1230 dein
2549 1196 2678 1231 cum

1649 1276 1744 1310 sua
1803 1258 1970 1329 ipsius
2020 1270 2175 1328 gente
2229 1258 2423 1310 bellum
2469 1258 2630 1329 gessit
2660 1281 2675 1311 ε

1649 1356 1810 1409 quam
1837 1336 2004 1407 tangit
2029 1336 2187 1389 Ovid.
2213 1336 2428 1391 Metam.
2445 1338 2549 1405 VI,
2579 1356 2680 1407 90,

1651 1416 1740 1469 ubi
1777 1416 1887 1469 vid.
1927 1428 2033 1468 not.
2071 1416 2174 1468 En.
2219 1447 2288 1455 —
2332 1420 2552 1468 Voluon's
2593 1422 2677 1469 de·-

1650 1498 1881 1547 scn‘mina
1917 1495 2038 1549 Per.
2061 1494 2353 1549 et=Schott.
2381 1528 2448 1537 —
2474 1500 2682 1548 Volucri

1652 1576 1932 1626 discrimine
1959 1577 2156 1638 Martis,
2185 1574 2222 1627 i.
2246 1593 2292 1627 e.
2321 1592 2385 1627 eo
2408 1573 2676 1627 discrimi-

1651 1673 1744 1720 ne,
1762 1652 1903 1725 quod
1921 1652 2120 1706 faciunt
2136 1652 2376 1707 volucres
2392 1693 2408 1718 ,
2425 1652 2510 1706 vel
2525 1654 2676 1725 quod

1651 1732 1710 1785 fit
1740 1732 1990 1787 volando.
2035 1736 2307 1784 Discn'men
2353 1744 2530 1785 autem
2559 1752 2672 1786 non

1653 1810 1721 1864 de
1764 1812 1982 1884 ancipiti
2021 1810 2260 1883 periculo
2321 1810 2489 1883 prelii
2511 1849 2527 1875 ‚
2581 1812 2677 1865 sed

1653 1891 1820 1963 magis
1853 1890 2064 1963 proprie
2086 1887 2154 1941 de
2180 1889 2355 1942 diviso
2391 1901 2444 1942 et
2480 1890 2532 1941 in
2559 1888 2676 1943 duo

1655 1988 1853 2023 cornua
1890 1969 2118 2023 discreto
2158 1971 2401 2041 agmine,
2428 1988 2536 2041 quo
2583 1988 2678 2023 vo·

1655 2050 1766 2104 lare
1791 2088 1806 2113 ,
1842 2062 2001 2122 atque
2053 2047 2186 2102 adeo
2227 2066 2466 2121 pugnare
2515 2066 2678 2121 grues

1654 2129 1852 2191 solent,
1900 2127 2272 2200 accipiendum
2316 2125 2558 2193 videtur,
2615 2141 2678 2181 ut

1657 2237 1682 2256 κ
1710 2210 1982 2281 agminum
2015 2207 2316 2261 discrimina
2347 2218 2508 2279 atque
2533 2206 2678 2259 ordi-

1653 2307 1774 2342 nem
1795 2314 1816 2335 ·
1837 2286 1964 2341 dixit
1982 2287 2216 2354 Curtius,
2243 2286 2343 2353 IV,
2373 2302 2458 2352 12,
2489 2305 2574 2338 ao.
2597 2286 2677 2340 Si-

1655 2369 1851 2421 militer
1871 2369 1924 2419 in
1945 2366 2252 2420 Nemes-iani
2274 2366 2462 2436 fragm.
2487 2365 2552 2420 de
2571 2369 2678 2418 Au-

1655 2449 1846 2520 cupio,
1875 2466 1945 2500 vs.
1983 2446 2079 2511 15,
2121 2446 2400 2498 «volucres
2445 2443 2629 2517 ligurae
2652 2473 2674 2492 ..

1653 2538 1776 2581 sunt
1810 2526 2004 2591 litera,
2045 2523 2272 2577 volucris
2319 2525 2542 2577 formam
2589 2527 2678 2578 vel

1655 2607 1890 2659 volatum
1935 2605 2248 2669 referentes,
2300 2604 2384 2657 vel
2419 2621 2536 2676 que
2577 2623 2676 2657 vo-

1655 2684 1814 2738 lando
1853 2683 2166 2754 figurantur.
2203 2681 2362 2736 Conf.
2395 2694 2510 2735 not.
2539 2683 2675 2736 edit.

1654 2765 1812 2835 hujus
1840 2774 1970 2816 tom.
2000 2764 2026 2814 1
2045 2799 2060 2826 ,
2083 2781 2134 2834 p.
2160 2762 2280 2814 183.
2310 2761 2416 2814 En.

1725 2842 1776 2896 3.
1805 2848 1930 2893 Dum
1958 2861 2058 2892 non
2087 2842 2149 2892 sie
2177 2843 2378 2908 longior
2399 2841 2550 2890 bostis
2565 2877 2582 2902 ,
2619 2839 2676 2894 id

1657 2933 1762 2988 eat,
1797 2918 2090 2974 dummodo
2137 2918 2302 2972 hostis
2355 2917 2575 2990 aqualis
2611 2919 2678 2972 sit

1653 3011 1862 3054 staturas
1876 3037 1892 3064 ,
1917 3017 2017 3052 nec
2043 3017 2128 3052 me
2151 2997 2418 3070 grandior.
2441 2999 2678 3050 Innuun·

1653 3091 1742 3131 tur
1767 3077 2026 3151 Pygmaei,
2056 3089 2323 3149 «quorum
2350 3077 2446 3148 qui
2475 3075 2675 3148 longis·

1654 3158 1772 3212 simi
1805 3170 1928 3212 suut
1946 3197 1962 3222 ,
2007 3175 2117 3208 non
2159 3156 2423 3227 longiores
2461 3173 2576 3208 esse
2603 3160 2679 3206 di-

1653 3251 1851 3299 ammr,
1888 3254 2050 3309 quam
2091 3235 2254 3307 pedes
2294 3234 2428 3287 dnos
2455 3245 2508 3287 et
2541 3253 2677 3306 qua·

1653 3317 1892 3370 drentem
1927 3339 1973 3376 ι,
2001 3326 2129 3368 teste
2173 3313 2348 3368 Gellio
2367 3351 2382 3376 ,
2425 3313 2516 3365 lib.
2563 3313 2642 3364 [X
2659 3353 2678 3378 ,

1655 3413 1768 3468 cap.
1799 3401 1850 3458 4.
1877 3393 2074 3446 Plinius
2091 3433 2106 3457 ,
2139 3392 2228 3444 lib.
2245 3393 2352 3444 vu
2385 3390 2518 3444 Hiar.
2541 3391 2672 3444 Nat.

1654 3493 1771 3546 cap.
1802 3493 1829 3526 a
1851 3492 1864 3528 τ
1895 3498 1918 3520 ι
1944 3473 2216 3544 Pygmaeos
2241 3473 2316 3521 ait
2339 3473 2473 3522 tmdi
2499 3480 2676 3522 ternas

1657 3552 1947 3625 spithamas
1990 3549 2315 3622 longitudine
2367 3568 2471 3602 non
2521 3567 2676 3604 exce-

1656 3632 1785 3686 dere
1815 3657 1858 3686 ·.
1913 3631 2101 3684 Hnux.
2150 3661 2222 3670 ——
2280 3627 2502 3682 Satirice
2557 3647 2674 3680 rem

1657 3725 1810 3783 auget
1835 3709 2078 3764 Juvenal.
2101 3709 2209 3761 Sat.
2239 3707 2403 3772 XIII,
2445 3707 2572 3778 173,
2607 3705 2678 3760 de

1655 3792 1836 3845 iisdem
1872 3791 2126 3863 loquens:
2171 3815 2197 3835 ιι
2219 3789 2312 3841 ubi
2341 3799 2446 3842 tota
2481 3787 2677 3840 cohors

1653 3871 1788 3944 pede
1813 3890 1921 3924 uon
1947 3880 2022 3924 est
2047 3867 2202 3922 altior
2231 3885 2340 3919 uno
2359 3891 2408 3919 -.
