2964 4690
485 355 628 444 416

1281 365 1816 438 SYMPOSII

581 489 980 558 Luminibus
1025 488 1208 560 falsis
1251 495 1396 560 auri
1444 497 1724 564 mentita
1760 496 2083 582 colorem,

579 599 824 670 Dedita
859 599 1124 687 sudori,
1169 601 1433 672 modico
1469 605 1837 675 succumbo
1858 605 2109 677 labori.

554 787 604 821 2.
641 769 928 821 Numinibus
933 769 1091 837 salu}
1121 765 1182 822 E.
1222 767 1495 823 mendose.

480 880 550 890 —
571 848 847 900 Luminibus
858 849 1040 917 falsis,
1069 847 1105 900 i.
1135 865 1183 900 e.
1216 847 1498 920 splendore

477 929 633 992 falso,
657 946 768 999 quo
795 925 1040 997 strigilis,
1069 925 1138 978 ab
1171 925 1294 998 igne
1321 925 1497 980 balnei

478 1018 529 1060 et
550 1008 891 1060 lucernarum
911 1005 1112 1058 lumine
1128 1004 1368 1060 relucens
1381 1043 1398 1069 ,
1423 1005 1495 1058 ita

473 1089 632 1154 nitet,
651 1100 713 1142 ut
730 1104 953 1140 aureum
969 1085 1202 1140 colorem
1216 1088 1302 1142 vel
1319 1089 1496 1162 splen-

473 1167 661 1222 dorem
689 1165 904 1220 mentiri
939 1165 1195 1220 videatur.
1231 1166 1495 1240 Splendor

473 1247 744 1318 hicsalsus
763 1258 840 1300 est
853 1286 869 1312 ,
889 1245 1011 1318 quis
1035 1264 1146 1298 non
1171 1248 1424 1302 naturalis
1441 1262 1494 1302 et

469 1325 739 1400 proprius,
780 1324 875 1379 sed
921 1324 1138 1378 aliunde
1185 1325 1488 1382 adveniens.

466 1405 595 1462 vid.
621 1426 721 1460 ευ.
755 1405 968 1469 xxm,
993 1405 1042 1459 3.
1064 1405 1364 1459 Meminisse
1389 1405 1488 1460 de-

466 1487 652 1540 bemus
666 1485 929 1557 sti-igilum
951 1503 1108 1538 usum
1126 1485 1290 1539 fuisse
1306 1485 1362 1538 in
1377 1486 1488 1540 bal-

465 1567 608 1632 neis,
631 1583 802 1636 eaque
827 1565 993 1617 multo
1031 1565 1047 1616 i
1121 1583 1152 1618 e
1178 1576 1228 1617 et
1252 1565 1484 1619 lucernis

461 1647 718 1701 illustrata
751 1645 929 1698 fuisse.
948 1583 1118 1698 Vkssn
1113 1645 1323 1699 iconem
1350 1644 1481 1700 bali-

462 1726 552 1780 nei
583 1726 670 1780 vel
691 1724 890 1779 lavacri
913 1725 980 1776 ab
1007 1723 1153 1777 Hier.
1176 1725 1479 1778 Mercuriali

459 1804 803 1877 propositam,
820 1805 936 1856 Art.
955 1821 1140 1876 gymn.
1157 1804 1248 1856 lib.
1263 1805 1313 1870 1,
1329 1822 1378 1857 c.
1399 1822 1485 1871 10,

461 1903 516 1956 p.
539 1904 626 1954 ²9-
653 1914 727 1926 —
757 1889 923 1936 Aureo
951 1886 1181 1934 simulata
1199 1888 1398 1936 metallo
1418 1881 1478 1936 B.

457 1967 570 2016 auri
582 1967 798 2020 similata
819 1966 1017 2015 metallo
1043 1963 1103 2016 C.
1118 1966 1234 2014 auri
1249 1965 1480 2015 simulata

453 2048 653 2097 metallo
675 2043 796 2096 Per.
825 2052 876 2095 et
893 2041 1092 2094 Reusn.
1113 2043 1326 2093 -Atm‘
1346 2061 1480 2094 men-

452 2127 547 2174 tita
587 2127 813 2176 colorem.
840 2120 1035 2192 virgil.
1073 2119 1184 2173 Ecl.
1223 2119 1327 2186 IV,
1363 2128 1467 2184 42:

450 2226 476 2248 ι
505 2203 681 2256 varios
715 2200 883 2255 discet
908 2198 1119 2252 mentiri
1160 2199 1280 2253 lana
1321 2200 1470 2254 colo-

449 2299 536 2335 res
557 2305 605 2334 n.
637 2281 823 2334 naun.
850 2285 989 2333 Auro
1016 2278 1257 2353 inprimis
1287 2279 1469 2332 lumen

447 2373 502 2415 et
513 2361 766 2435 splendor
789 2373 1153 2443 comparatur.
1179 2360 1329 2433 Vin-g.
1347 2362 1471 2414 AEn.

1586 771 1691 833 vl,
1719 775 1852 834 204:
1878 796 1903 817 α
1933 770 2180 825 Discolor
2205 770 2351 826 unde
2370 773 2487 826 auri
2514 793 2612 846 per

1584 858 1761 904 ramos
1774 867 1903 904 aura
1918 849 2173 904 refulsitn.
2194 850 2333 906 Hinc
2352 853 2610 920 Martiali,

1586 928 1733 996 XIV,
1756 933 1845 995 61,
1869 933 2065 982 lacerna
2096 928 2295 983 dicitur
2320 934 2497 984 clausis
2520 953 2612 984 an·

1584 1026 1671 1059 rea
1686 1011 1943 1080 flammisg
1982 1019 2035 1061 et
2069 1029 2226 1062 aurea
2262 1012 2427 1062 sidem
2459 1011 2611 1084 apud

1584 1099 1769 1158 poetas
1796 1087 2013 1159 passim.
2041 1095 2112 1128 '—·
2138 1085 2295 1140 Conf.
2324 1088 2604 1157 Manilius,

1582 1168 1793 1220 Astron.
1813 1167 1886 1234 V,
1922 1167 2042 1222 511.
2069 1167 2175 1220 En.

1652 1245 1701 1300 3.
1738 1251 1937 1300 Modico
1974 1251 2230 1299 succumbo
2264 1249 2439 1301 labori.
2487 1247 2607 1305 Hoo

1579 1338 1681 1395 est,
1699 1326 1915 1380 modico
1925 1328 2108 1381 labore
2126 1325 2415 1398 stringendi
2431 1339 2483 1380 et
2507 1325 2605 1382 de-

1578 1405 1814 1479 tergendi
1846 1425 1980 1480 opus
2023 1419 2101 1460 est
2119 1444 2135 1471 ,
2181 1417 2241 1459 ut
2280 1405 2474 1460 sudore
2506 1407 2603 1460 nd·

1574 1484 1757 1539 fluam.
1785 1486 2003 1558 Proprie
2021 1489 2329 1538 succumbere
2345 1489 2502 1537 labori
2518 1486 2601 1539 di-

1573 1578 1772 1618 cuntur
1804 1565 2074 1634 homines,
2108 1565 2203 1638 qui
2241 1564 2599 1636 defatigantur

1570 1643 1636 1697 ad
1667 1645 1917 1699 sudorem
1942 1664 2132 1718 usque.
2166 1645 2269 1698 Hic
2293 1661 2451 1698 sensu
2480 1662 2599 1697 atn-

1572 1723 1735 1796 biguo
1748 1726 1965 1794 ponitur
1978 1725 2187 1799 phrasis
2206 1727 2307 1779 ista
2322 1765 2338 1792 ,
2356 1736 2417 1776 ut
2432 1725 2595 1778 etiam

1568 1805 1622 1858 in
1638 1806 1888 1877 strigilem
1906 1806 2204 1862 conveniat.
2224 1804 2332 1856 Ubi
2352 1807 2497 1856 labor·
2508 1803 2595 1857 in-

1569 1884 1841 1956 telligitur,
1858 1903 1967 1938 non
1983 1885 2075 1957 qui
2088 1883 2513 1956 defatigationem
2538 1897 2593 1937 et

1566 1962 1815 2018 sudorem
1850 1975 2020 2031 creat,
2051 1963 2145 2018 sed
2172 1964 2263 2037 qui
2286 1961 2470 2017 sudori
2498 1963 2591 2016 de-

1566 2042 1820 2114 tergendo
1846 2042 2191 2115 impenditur,
2218 2055 2271 2096 et
2288 2041 2385 2114 qui
2408 2041 2587 2095 modi-

1560 2139 1653 2174 cus
1700 2134 1794 2175 est.
1834 2122 1975 2176 Huic
2014 2126 2323 2175 succumbens
2368 2121 2587 2192 strigilis

1560 2199 1771 2263 dicitur,
1788 2200 2006 2274 quaudo
2024 2201 2343 2274 supponitur
2358 2211 2411 2254 et
2420 2198 2586 2270 adpli-

1561 2292 1712 2334 catur
1724 2281 1957 2357 corpori,
1978 2279 2045 2335 ad
2059 2280 2308 2336 sudorem
2320 2277 2583 2352 excipien-

1560 2358 1713 2415 dum.

957 2636 1457 2741 Lxxxvnq
1496 2670 2040 2744 BALNEUM.

532 2828 678 2895 Pan
725 2836 898 2892 totas
945 2822 1118 2891 aedes
1161 2822 1474 2891 innoxius
1512 2822 1746 2891 introit
1784 2822 1993 2917 ignis:

511 2989 555 3024 1.
587 2973 677 3022 P‘cr
699 2982 827 3021 totas
849 2972 991 3021 sedes
1017 2968 1080 3022 B.
1111 2980 1163 3021 et
1185 2968 1247 3021 D.
1268 2998 1342 3019 -—-.
1357 2974 1456 3020 Per

427 3064 554 3101 totas
577 3054 728 3102 oedes.
767 3044 872 3101 Per
906 3050 1038 3099 oedcs
1071 3046 1322 3119 intelligit
1351 3047 1454 3102 cel·

427 3128 533 3181 lam
564 3127 764 3193 balnei,
801 3124 1048 3199 inprimis
1090 3126 1453 3194 sudatoriam,

424 3208 508 3260 vel
535 3207 862 3261 Laconicum
877 3247 893 3273 ,
917 3205 994 3259 uti
1021 3206 1080 3258 fit
1105 3205 1161 3257 in
1179 3206 1263 3258 his
1286 3206 1443 3261 versi·

421 3285 524 3339 bus
541 3286 690 3339 statii
702 3325 717 3350 ‚
739 3286 832 3357 qui
849 3285 1006 3357 plane
1025 3324 1041 3350 ,
1061 3296 1122 3337 ut
1137 3284 1344 3352 Noster,
1359 3286 1444 3340 de-

421 3364 769 3431 scribit,Silv.
789 3366 834 3432 1,
860 3372 914 3429 4,
944 3364 1010 3432 59
1038 3378 1052 3416 :
1082 3388 1104 3411 α
1125 3364 1216 3416 ubi
1247 3364 1445 3437 langui-

421 3442 522 3497 dus
535 3442 669 3515 ignis
684 3444 881 3496 inerrat
898 3443 1122 3497 AEdibus
1134 3480 1149 3505 ,
1165 3455 1215 3496 et
1232 3455 1442 3498 tenuem

418 3524 542 3576 volv
549 3536 646 3574 unt
656 3521 977 3594 hypocausta
987 3541 1234 3594 vaporem
1241 3530 1448 3576 ».—Per

415 3614 544 3653 totas
563 3604 696 3652 oedes
720 3604 954 3652 innoxius
981 3605 1147 3653 introit
1159 3603 1302 3671 ignis.
1319 3603 1443 3656 Haec

415 3680 575 3733 verba
597 3678 932 3751 Apollonius,
959 3680 1076 3733 loco
1097 3681 1152 3733 in
1177 3700 1284 3733 var.
1315 3683 1438 3736 lect.

411 3758 662 3824 indicato,
705 3758 780 3810 sic
819 3760 1042 3829 explicat
1065 3779 1078 3813 :
1127 3761 1434 3826 -balueum,

1541 2968 1691 3041 ignes
1714 2968 2024 3047 pavimento
2048 2968 2270 3044 subjecti
2292 2988 2387 3041 per
2410 2972 2570 3026 tubos

1540 3048 1627 3102 vel
1645 3047 1855 3102 canales
1874 3049 2162 3121 parietibus
2183 3050 2382 3102 circum
2403 3050 2571 3105 inser-

1542 3140 1623 3181 tos
1642 3127 1875 3181 calorem
1894 3128 1950 3180 in
1970 3138 2135 3181 totam
2159 3129 2345 3182 cellam
2364 3128 2569 3183 diffun-

1538 3205 1739 3259 derent.
1784 3206 1871 3260 Sic
1910 3206 1997 3260 illa
2035 3207 2290 3261 describit
2326 3208 2561 3273 Seneca,

1533 3286 1699 3357 Epist.
1722 3286 1817 3339 XC
1844 3306 1859 3339 :
1902 3310 1925 3333 α
1942 3286 2203 3352 Quaedam
2236 3299 2421 3357 nostra
2460 3287 2561 3341 de-

1533 3383 1679 3417 mum
1718 3364 1979 3437 prodiisse
2027 3367 2281 3419 memoria
2322 3366 2555 3423 scimus:

1534 3457 1595 3498 ut
1641 3444 2055 3517 speculariorum
2102 3462 2256 3497 usum
2276 3482 2293 3507 ,
2339 3460 2559 3516 suspen·

1534 3542 1681 3577 suras
1722 3524 2034 3577 balneorum
2048 3562 2065 3588 ,
2084 3537 2133 3577 et
2154 3524 2439 3595 impressos
2455 3544 2557 3597 pa·

1532 3603 1757 3657 rictibus
1795 3604 1984 3669 tubos,
2021 3622 2115 3675 per
2142 3622 2277 3674 quos
2316 3604 2555 3656 circum-

1536 3681 1849 3736 funderetur
1866 3684 2032 3747 calor,
2060 3682 2153 3755 qui
2180 3682 2288 3735 ima
2314 3683 2473 3735 simul
2500 3694 2557 3737 et

1528 3780 1732 3815 summa
1756 3762 1955 3815 foveret
1972 3762 2242 3833 equaliter
2260 3786 2300 3815 ι.
2320 3762 2439 3815 Hoc
2454 3774 2554 3829 est,

415 3838 508 3891 ubi
546 3838 673 3891 hinc
709 3834 837 3889 inde
860 3836 1085 3892 flamma
1113 3858 1206 3911 per
1227 3842 1436 3895 tabulas
1527 3841 1672 3913 quod
1707 3842 1836 3897 dicit
1867 3844 2055 3897 Noster
2072 3882 2089 3910 ,
2117 3862 2211 3912 per
2248 3858 2379 3895 totas
2409 3848 2549 3896 oedes

413 3928 640 3989 surgunt
658 3944 708 3983 a,
738 3928 880 3969 recte
915 3918 1165 3985 omnino;
1207 3919 1298 3973 sed
1333 3938 1432 3991 pro
1522 3925 1693 3974 incr-oie
1725 3924 1873 3991 ignis.
1911 3922 2197 3995 Descripsit
2238 3921 2549 3995 hujusmodi

413 4000 609 4049 tabulas
632 3994 912 4068 legendum
943 4010 1020 4050 est
1048 4002 1254 4051 tubulos.
1292 3998 1432 4054 Nam
1522 4000 1847 4055 sudatoriam
1870 4015 1923 4055 et
1940 4004 2147 4056 iconem
2168 4005 2281 4073 ejus
2298 4000 2443 4055 dedit
2454 4002 2548 4056 Jo.

410 4075 598 4128 balnea
622 4075 876 4131 Veterum
899 4077 971 4129 itu
999 4076 1310 4130 calefiebant
1329 4116 1345 4142 ,
1371 4092 1431 4131 ut
1521 4078 1761 4134 Rhodius
1787 4080 1856 4134 ad
1876 4080 2044 4136 Scrib.
2064 4082 2218 4152 Lsrg.
2238 4096 2287 4151 p.
2316 4080 2410 4134 103
2430 4098 2543 4151 seq.
