2964 4690
501 385 634 432 212

1269 359 1851 428 MAXIMIANI

683 482 963 576 Largior
997 481 1289 549 occurrit
1328 480 1575 575 pagina
1618 495 1776 549 nota
1815 478 1999 548 mihi.

586 588 852 660 Claram
891 613 1012 683 per
1050 587 1324 658 nebulas
1361 588 1591 659 videor
1626 590 1793 658 mihi
1828 611 2101 659 cernere
2143 589 2391 678 lucem,

679 697 930 770 Nubila
967 714 1124 768 sunt
1159 697 1370 768 oculis
1407 700 1549 794 ipsa
1587 723 1815 769 serena
1854 695 2061 769 meis.⁸

585 809 886 902 Eripitur
921 809 1065 878 sine
1103 823 1298 878 nocte
1333 808 1473 878 dies
1513 834 1531 876 ε
1572 807 1853 905 caligine
1892 833 2063 880 caeca

677 921 956 1013 Septum
989 931 1282 986 tartareo
1313 918 1462 1011 quis
1496 932 1694 1014 neget
1728 943 1865 988 esse
1906 919 2097 989 loco?
2547 945 2623 982 ιε.»

577 1026 764 1098 Talia
798 1030 948 1123 quis
985 1029 1250 1098 demens
1291 1029 1548 1097 homini
1588 1031 1991 1123 persuaserit
2023 1044 2281 1116 auctor,

671 1143 767 1210 Ut
803 1139 1029 1234 cupiat
1067 1155 1222 1208 voto
1266 1138 1533 1232 turpior
1572 1164 1712 1208 esse
1750 1137 1915 1208 suo?

575 1253 720 1318 Jam
760 1249 1048 1318 subeunt
1087 1248 1353 1332 morbi,
1393 1248 1683 1318 subeunt
1722 1247 2105 1318 discrimina
2138 1246 2317 1317 mille
2348 1274 2364 1316 ε

671 1345 1094 1430 Jam'dulces
1137 1357 1386 1453 epulae,
1422 1357 1805 1452 deliciaeque
1838 1371 2103 1426 nocent.

581 1472 905 1566 Cogimur
945 1495 983 1539 a
1021 1470 1226 1566 gratis
1263 1469 1561 1539 animum
1598 1467 2003 1564 suspendere
2038 1466 2268 1552 rebus,
2542 1493 2615 1531 ,ες

479 1676 764 1749 Virgilium
791 1677 917 1728 AEn.
953 1677 1058 1742 IV,
1083 1682 1204 1745 470.
1239 1677 1318 1729 De
1345 1674 1504 1728 ebriis

479 1757 672 1810 diserte
693 1754 942 1807 Juvenal.
973 1755 1056 1805 v1
1073 1793 1088 1816 ,
1107 1754 1242 1817 304:
1275 1779 1298 1801 ιι
1319 1753 1505 1818 Quum

479 1836 681 1889 bibitur
700 1833 1096 1904 concbs,quum
1121 1835 1230 1904 jam
1249 1833 1507 1903 vertigine

485 1926 686 1969 tectum
711 1911 964 1964 Ambulat
977 1951 994 1978 ,
1011 1923 1062 1964 et
1083 1911 1306 1982 geminis
1325 1929 1507 1963 exsur-

1590 1673 1907 1746 calpurnius
1926 1713 1941 1740 ‚
1985 1673 2165 1743 Eclog.
2210 1673 2239 1723 1
2257 1707 2275 1736 ,
2328 1688 2469 1726 vers.
2519 1673 2611 1728 ⁵2.

1668 1753 1788 1808 151.
1818 1761 2139 1806 Permessi-ae
2159 1755 2218 1806 L.
2244 1785 2314 1794 --
2338 1757 2482 1806 Talia
2502 1757 2613 1822 quis

1593 1836 1813 1898 demens,
1838 1832 2069 1904 intellige
2096 1832 2219 1886 talia
2248 1831 2511 1903 optanda,
2530 1833 2617 1885 vel

1593 1909 1865 1964 toleranda
1882 1930 1898 1977 ς,
1920 1911 2002 1964 vel
2011 1910 2079 1964 ad
2084 1915 2387 1979 persuasorie
2404 1912 2616 1983 supple,

485 1995 566 2066 git
610 2009 792 2046 mensa
835 1988 1064 2044 lucernis
1087 2012 1136 2041 ι.
1175 1989 1415 2040 Lactant.
1437 1986 1509 2041 de
1596 2005 1650 2042 ue
1671 2004 1801 2058 optes
1822 1991 1904 2044 vel
1930 1994 2142 2044 tolerare
2166 1981 2305 2042 ve'ls't.
2330 1991 2519 2063 Neque
2544 2001 2617 2044 ta·

483 2073 610 2145 opif.
643 2071 763 2134 Dei,
791 2088 838 2123 c.
865 2089 899 2140 9
921 2087 935 2121 :
965 2095 992 2115 ι
1015 2066 1250 2120 Furiosis
1277 2079 1326 2118 et
1345 2066 1505 2118 ebriis

478 2153 659 2206 omnia
675 2149 908 2222 duplicia
933 2146 1182 2202 videntur
1199 2171 1240 2198 n.
1269 2146 1376 2212 Qui
1401 2146 1505 2198 hoc

483 2231 624 2284 idem
651 2229 792 2282 sanis
817 2239 869 2282 et
894 2225 1080 2280 sobriis
1115 2241 1505 2295 nonnunquam

481 2307 754 2375 accidere,
781 2325 844 2360 ex
878 2304 1037 2361 certis
1070 2303 1270 2357 caussis
1310 2301 1504 2371 docet,

481 2407 609 2461 quas
627 2404 773 2441 nunc
789 2404 902 2439 non
919 2383 1300 2457 persequimur.
1317 2382 1504 2454 Itaque

480 2466 694 2523 senibus
733 2465 838 2519 hoc
889 2464 1076 2518 vitium
1127 2463 1294 2515 inesse
1345 2480 1503 2533 posse

481 2557 696 2619 propter
717 2543 1042 2598 debilitatem
1069 2558 1380 2607 nervorum,
1404 2540 1502 2593 du-

481 2626 572 2681 bio
596 2635 738 2678 caret
755 2641 770 2676 :
789 2623 882 2694 qui
902 2635 1078 2674 tamen
1099 2619 1232 2673 alins
1245 2622 1503 2673 Veterum

483 2705 539 2760 id
581 2705 648 2759 de
677 2704 743 2757 iis
781 2700 996 2767 dixerit,
1031 2718 1178 2753 nunc
1225 2699 1355 2753 mihi
1391 2714 1503 2753 non

483 2783 758 2841 succurrit.

563 2871 676 2931 149.
705 2862 923 2929 Eripiunt
938 2862 1007 2911 sic
1031 2873 1174 2911 nocte
1201 2861 1306 2911 dies
1323 2876 1503 2911 emen-

483 2945 576 2998 dat
587 2941 906 2996 clarissimus
931 2938 1300 2992 Ommerenus.
1313 2968 1384 2977 —
1397 2940 1504 2989 En·-

472 3028 608 3093 ps'mr
635 3025 741 3073 sine
787 3033 928 3071 nocte
971 3021 1076 3069 dies
1092 3053 1108 3080 ,
1147 3015 1206 3068 h.
1241 3034 1288 3069 e.
1335 3016 1497 3087 eripi-

481 3114 570 3154 tur
597 3097 826 3152 interdiu
841 3136 858 3163 ,
886 3096 1093 3151 etiamsi
1119 3112 1220 3147 nox
1243 3094 1390 3149 nulla
1417 3095 1499 3148 sit.

481 3179 706 3233 Doctiss.
721 3178 1076 3229 Ommerenus
1100 3173 1188 3227 hie
1214 3172 1500 3243 legendum

481 3257 700 3329 conjicit
719 3258 932 3323 En'pieur
950 3256 1020 3307 sie
1037 3267 1182 3305 noete
1203 3254 1328 3317 dies,
1343 3251 1501 3305 adeo·

479 3355 584 3409 que
611 3346 822 3389 noctem
839 3333 1034 3405 accipit
1055 3352 1153 3405 pro
1176 3332 1290 3404 ipsa
1319 3330 1499 3402 caligi-

477 3436 548 3469 ne
568 3414 737 3469 oculis
753 3412 930 3467 offusa
947 3450 963 3478 ,
979 3412 1142 3486 idque
1155 3412 1340 3483 probat
1365 3410 1497 3464 locis

477 3492 704 3557 Catulli,
748 3491 882 3557 LII,
929 3508 989 3544 ιι
1014 3510 1031 3556 ;
1055 3489 1214 3545 ovid.
1257 3488 1388 3543 Met.
1433 3490 1493 3551 1,

477 3570 742 3644 721;sen.
758 3570 913 3623 Herc.
929 3570 1036 3623 fur.
1062 3571 1186 3623 823.
1207 3567 1312 3623 Sed
1335 3568 1495 3623 lectio

475 3652 690 3722 vulgata
727 3662 782 3701 et
823 3650 964 3703 clara
1001 3648 1122 3702 satis
1145 3686 1160 3711 ,
1205 3660 1256 3701 et
1283 3648 1495 3720 gravior

473 3732 630 3784 etiam
658 3726 865 3781 videtur
889 3746 1002 3781 esse
1018 3762 1034 3790 ,
1057 3744 1218 3798 quam
1244 3746 1362 3799 que
1395 3727 1493 3779 ista

473 3806 846 3863 emendatione
869 3806 1155 3859 inducitur.

547 3890 666 3943 150.
692 3892 878 3955 δσμωιη
903 3898 1166 3937 tanam..
1188 3922 1202 3935 .
1239 3890 1368 3953 Ioco,
1383 3886 1421 3939 i.
1435 3905 1487 3939 e.

470 3967 773 4028 tenebroso,
805 3962 1030 4017 horrido
1057 3975 1109 4017 et
1145 3964 1491 4018 subterraneo

469 4065 648 4121 specu.
680 4050 964 4097 Tanareum
987 4061 1230 4095 emerem
1261 4044 1338 4097 sic
1357 4042 1491 4097 dicit

1590 2087 1715 2120 men
1732 2068 1983 2140 displicet
2002 2071 2308 2141 conjectura
2325 2069 2583 2125 withofii
2594 2109 2612 2130 ,

1590 2164 1643 2217 p.
1670 2149 1772 2212 314
1796 2169 1811 2204 ε
1834 2145 1981 2200 Illud
2006 2151 2171 2210 Talia,
2190 2148 2395 2219 inquit,
2416 2149 2619 2202 incom-

1590 2223 1749 2278 mode
1777 2224 1895 2278 voci
1916 2229 2216 2293 per-suaserit
2236 2227 2577 2299 conjungitur
2594 2265 2612 2292 ,

1591 2304 1881 2375 meliusque
1902 2304 2051 2359 alteri
2091 2309 2259 2376 cupiat
2291 2305 2577 2363 cohoerebit
2592 2325 2615 2371 ς

1589 2384 1735 2456 quod
1755 2396 1815 2437 ut
1832 2386 1950 2450 fiat,
1971 2396 2169 2439 mutata
2198 2384 2535 2441 distinctione
2558 2398 2614 2442 et

1590 2464 1693 2516 levi
1720 2465 2048 2518 correctione
2072 2484 2155 2520 res
2176 2466 2395 2538 indiget.
2408 2466 2615 2539 Legen-

1590 2541 1719 2596 dum
1756 2542 1855 2594 erit
1880 2544 2059 2615 itaque
2082 2564 2095 2598 :
2132 2570 2154 2593 ι
2174 2544 2329 2597 Talia
2364 2545 2485 2616 quis
2510 2544 2611 2598 de-

1590 2639 1741 2675 mens
1763 2620 1969 2675 bomini
1994 2624 2307 2694 persuaserit
2329 2635 2516 2677 auctor
2537 2624 2615 2675 Ut

1590 2700 1769 2772 cupiat
1784 2737 1800 2762 ,
1838 2715 1964 2754 voto
2016 2702 2221 2772 turpior
2270 2703 2385 2774 ipse
2424 2703 2561 2757 suo?
2584 2728 2611 2751 s

1591 2780 1756 2846 Quis,
1782 2779 1985 2851 inquit,
2025 2791 2215 2835 auctor
2248 2780 2467 2835 demens
2510 2782 2607 2835 bo-

1590 2857 1723 2910 mini
1750 2858 2099 2931 persuaserit,
2144 2872 2205 2911 ut
2236 2860 2417 2931 cupiat
2446 2862 2609 2926 talia3

1590 2936 1768 3011 qualia
1788 2937 1830 2990 si
1848 2950 2091 3009 cuperet,
2106 2938 2219 3009 ipse
2236 2958 2337 2992 sno
2358 2953 2481 2994 voto
2499 2954 2613 2995 tur·

1587 3018 1707 3089 pior
1728 3034 1790 3070 ac
1814 3016 2106 3071 deformior
2132 3030 2267 3071 esset
2290 3018 2515 3075 futurus.
2534 3022 2612 3075 si-

1588 3095 1781 3150 militer
1808 3096 1955 3169 Virg.
1978 3095 2171 3168 Georg.
2187 3097 2261 3159 11,
2279 3097 2381 3152 315
2405 3117 2420 3153 :
2448 3124 2475 3145 α
2496 3100 2611 3155 Nec

1588 3175 1687 3228 tibi
1698 3186 1803 3228 tam
1824 3174 2061 3247 prudens
2076 3176 2359 3248 quisqnam
2390 3196 2609 3251 persua·

1586 3255 1710 3309 dest
1736 3268 1923 3310 auctor
1940 3280 1985 3311 2.
2044 3295 2051 3303 -

1661 3336 1780 3389 152.
1811 3338 2027 3403 Turpiter
2060 3354 2167 3387 esse
2192 3334 2263 3388 G.
2288 3338 2477 3405 ωφίοι·
2500 3340 2609 3405 ipse

1585 3434 1672 3467 suo
1690 3414 1804 3467 vult
1831 3414 2148 3471 Withofius.

1658 3493 1772 3547 153.
1818 3502 1933 3545 Iam
1975 3497 2181 3546 subeunt
2218 3496 2389 3545 morbi.
2409 3494 2609 3567 Vis-gil.

1582 3571 1777 3643 Georg.
1812 3575 1923 3635 111,
1961 3574 2033 3627 68
2059 3591 2073 3624 :
2116 3598 2142 3621 ι
2162 3574 2390 3627 subeunt
2426 3574 2607 3627 morbi

1583 3651 1847 3724 tristisque
1864 3664 2103 3707 senectus
2122 3676 2171 3707 ι.

1657 3730 1775 3785 155.
1796 3736 1845 3782 A
1864 3733 2023 3799 gmeae‘s
2042 3734 2264 3783 animm
2280 3734 2605 3799 suspendere,

1580 3808 1637 3861 h.
1662 3828 1710 3863 e.
1754 3810 2003 3863 cohibere
2018 3850 2035 3876 ‚
2078 3811 2309 3865 retinere
2352 3822 2405 3863 et
2438 3821 2607 3864 retra·

1576 3888 1704 3941 here
1724 3925 1740 3951 ,
1782 3908 1851 3942 ne
1894 3888 2134 3961 adtingat
2176 3890 2259 3943 vel
2290 3888 2475 3961 cupiat
2514 3907 2605 3945 res

1577 3978 1769 4037 gratas.
1798 3966 1955 4021 Ovid.
1985 3969 2122 4023 Fast.
2146 3969 2249 4031 lv,
2272 3970 2377 4037 8⁴9
2400 3988 2417 4023 :
2446 3991 2469 4014 α
2496 3986 2603 4021 nec

1574 4048 1683 4115 jam
1708 4046 2029 4116 suspendere
2056 4046 2237 4101 fletum
2261 4047 2497 4102 Sustinet
2512 4072 2557 4099 ιι.
