2964 4690
567 382 657 461 [1²

1325 352 1959 455 COLUMOELLA

661 501 800 568 Ora
839 501 962 569 feri
983 553 1003 586 ‚
1040 502 1450 598 calathisque
1480 504 1761 575 virentia
1797 505 1931 576 lilia
1966 510 2185 594 canis,

657 613 801 680 Nec
832 636 970 679 non
1016 612 1120 680 vel
1158 613 1421 702 niveos,
1455 613 1555 684 vel
1590 615 1904 686 caeruleos
1934 619 2353 713 hyacinthos.
2626 656 2702 682 1·-

653 723 826 790 Tum
865 746 1012 816 quae
1050 721 1258 816 pallet
1291 721 1520 811 humi,
1544 749 1693 819 quae
1724 725 2044 796 frondens
2079 741 2407 822 purpurat
2444 753 2646 815 auro,

659 835 961 901 Ponatur
990 834 1204 922 viola,
1249 850 1320 904 et
1353 827 1637 906 nimium
1685 860 1835 906 rosa
1876 835 2071 932 plena
2106 838 2405 932 pudoris.

661 944 862 1012 Nunc
890 943 1152 1012 medica·
1179 969 1499 1038 panacem
1536 945 1861 1041 lacryma,
1892 971 2223 1044 succoque
2253 947 2501 1020 salubri

566 1178 706 1225 esse,
739 1171 800 1211 ut
843 1159 1176 1215 existimabat
1218 1160 1470 1216 Heinsius
1520 1161 1587 1216 ad

563 1238 720 1292 ovid.
751 1242 864 1292 Art.
896 1242 1012 1293 Am.
1047 1241 1101 1292 11
1121 1281 1139 1308 ,
1177 1259 1251 1293 vs.
1279 1240 1408 1306 115,
1436 1242 1588 1314 quod

562 1318 718 1370 etiam
749 1322 1108 1388 leontopodimn
1138 1332 1391 1384 vocatur,
1427 1339 1585 1393 quam

565 1398 701 1450 iuter
748 1400 1091 1467 coronarias3
1137 1399 1208 1454 de
1257 1401 1452 1472 quibus
1498 1401 1589 1454 hie

567 1495 738 1530 sermo
766 1490 874 1542 est,
911 1480 994 1532 vix
1021 1480 1255 1534 refer-⁸:
1284 1498 1466 1534 verum
1496 1499 1589 1532 an·

565 1561 847 1616 tin-lainam,
893 1558 960 1611 ad
997 1552 1158 1629 quain
1188 1559 1350 1614 etiam
1375 1558 1584 1614 Dodon.

565 1657 617 1708 p.
647 1638 775 1699 182,
801 1635 1110 1692 Columella
1145 1657 1330 1692 versus
1364 1639 1587 1693 adcom-

563 1713 744 1767 modat
764 1753 779 1779 ‚
798 1734 959 1786 quam
985 1717 1152 1770 nostri
1181 1719 1338 1772 etiam
1360 1725 1589 1770 Lomen-

561 1799 700 1846 maul
719 1795 798 1861 (os
815 1795 1004 1863 leonis)
1020 1809 1232 1859 vocant,
1245 1816 1590 1852 coronamen-

561 1885 736 1926 torum
779 1872 926 1926 haud
961 1887 1308 1947 postremum.
1359 1879 1438 1929 De
1481 1879 1588 1932 hoc

562 1954 795 2026 intelligo
821 1957 978 2008 etiam
1013 1975 1066 2009 v,
1094 1959 1194 2009 260
1217 1974 1231 2008 :
1262 1983 1288 2003 ··
1309 1958 1513 2013 Oscitat
1537 1971 1591 2013 et

563 2036 720 2088 Leo-0.
733 2033 1116 2090 Gnate—Alias
1129 2041 1267 2089 hiare
1283 2055 1466 2092 omnes
1492 2038 1587 2092 flo-

562 2133 648 2168 res
679 2115 953 2184 dicuntur,
974 2118 1170 2189 quibus
1193 2120 1406 2190 patulus
1435 2121 1589 2191 calyx

563 2207 656 2250 est.
677 2196 916 2270 Propert.
947 2199 1051 2265 lv,
1083 2218 1144 2261 π,
1181 2198 1279 2263 ⁴5²
1311 2225 1334 2246 ι
1355 2201 1464 2253 Nec
1493 2199 1589 2253 flos

563 2275 702 2330 ullus
733 2274 849 2328 hiat
884 2278 1081 2349 pratis,
1117 2279 1246 2351 quin
1275 2279 1366 2332 ille
1392 2279 1588 2333 decen·

563 2370 644 2410 ter
677 2358 957 2429 Impositus
993 2358 1154 2413 fronti
1185 2361 1430 2431 langueat
1466 2373 1589 2413 ante

565 2454 746 2491 mezen.
787 2438 948 2492 ovid.
991 2442 1106 2491 Art.
1153 2442 1271 2492 Am.
1309 2440 1398 2503 11,
1448 2440 1585 2493 115:

567 2542 588 2562 ι
609 2515 722 2569 Nec
767 2516 918 2570 violo
967 2535 1206 2591 semper,
1255 2534 1356 2571 nec
1387 2519 1589 2572 hiantia

565 2595 674 2648 lilia
697 2595 884 2649 ssorent
903 2622 948 2649 ι.

635 2696 720 2746 99.
763 2683 883 2729 Fere
919 2677 981 2729 R.
1004 2677 1142 2745 firoe
1178 2677 1237 2729 in
1282 2678 1415 2749 Reg.
1455 2694 1587 2730 ano-

564 2776 713 2828 nym.
750 2758 1026 2825 colatisque
1054 2758 1121 2808 D.
1164 2788 1233 2797 --
1275 2761 1591 2825 Calathisque

564 2840 781 2888 virentia
819 2838 925 2887 lilia
959 2840 1122 2888 canis.
1162 2839 1356 2888 Calathi
1394 2836 1589 2890 florum

565 2915 842 2979 dicuntur,
891 2915 984 2987 qui
1031 2916 1158 2968 alias
1208 2916 1432 2989 calyces.
1479 2918 1589 2968 Au-

566 2996 747 3048 sonius
797 2994 854 3047 iu
901 2994 1054 3047 Rosia
1075 3034 1090 3060 ,
1143 3012 1221 3047 vs.
1271 2996 1334 3048 31
1368 3013 1382 3047 :
1433 3022 1460 3041 κ
1479 2996 1593 3051 Nec

569 3092 718 3126 mora
751 3072 974 3125 ridentis
1005 3072 1200 3125 calathi
1229 3075 1472 3143 patefecit
1497 3076 1592 3129 ho.

563 3170 752 3205 norem
772 3176 814 3204 ι.
840 3154 1002 3204 Canos
1025 3163 1177 3205 vocat
1195 3151 1425 3205 liliorum
1451 3154 1593 3208 cala·

566 3232 716 3296 thos,
761 3232 887 3304 quia
927 3250 1058 3285 cana
1109 3242 1234 3285 sunt
1286 3232 1402 3303 ipsa
1458 3233 1589 3287 lilia.

572 3312 792 3362 Vir-entia
831 3310 964 3364 nihil
999 3309 1144 3364 aliud
1186 3323 1401 3377 notant,
1427 3330 1593 3383 quam

560 3390 819 3455 recentia,
845 3389 928 3442 vel
953 3390 1192 3442 florentia
1210 3432 1225 3456 ,
1259 3408 1591 3462 quamquam

563 3480 616 3521 et
637 3470 774 3532 alba,
799 3468 880 3521 vel
897 3469 1140 3539 pallentia
1160 3469 1386 3522 subinde
1401 3469 1589 3523 dicun·

566 3559 654 3601 tur
673 3548 882 3601 viridia.
899 3546 1026 3601 Vid.
1050 3548 1200 3619 Virg.
1221 3549 1339 3602 Cul.
1359 3568 1438 3601 vs.
1467 3557 1585 3613 14²·

562 3627 828 3681 Gesner-us
855 3627 945 3695 hiq
972 3626 1182 3679 volebat
1207 3630 1414 3679 nitentia
1444 3632 1583 3691 lilia,

563 3707 707 3779 quod
725 3708 915 3775 firmat
946 3706 1181 3778 Propert.
1211 3708 1325 3773 111,
1364 3726 1446 3773 11,
1473 3708 1541 3762 30
1570 3726 1584 3761 :

575 3787 749 3839 ..Lilia
789 3787 1050 3839 vimineos
1087 3784 1266 3839 lucida
1309 3804 1404 3857 per
1444 3788 1589 3841 cala·

567 3866 684 3919 thos
700 3892 741 3919 n.

647 3964 765 3999 too.
795 3948 1016 3997 Cende-os
1042 3946 1104 3995 D.
1131 3945 1189 3997 R.
1217 3944 1266 3997 J.
1295 3945 1347 3998 J.
1382 3947 1440 3999 Α.
1469 3948 1589 4017 Arg.

570 4031 802 4079 caeruleos
827 4024 988 4079 Hei-v.
1007 4025 1126 4078 niv.

649 4124 765 4160 101.
799 4112 932 4157 Teme
963 4106 1010 4158 J.
1047 4106 1104 4157 Β.
1147 4105 1211 4159 R.
1245 4106 1292 4155 J.
1335 4106 1386 4156 J.
1420 4110 1489 4155 Tu
1530 4108 1589 4156 A.

1672 1165 1765 1218 Gr.
1804 1165 1871 1218 G.
1908 1169 1987 1218 Sic
2018 1186 2132 1234 qnae
2166 1168 2256 1222 Sa.
2280 1171 2531 1237 frondens
2558 1170 2605 1222 J.
2630 1169 2695 1223 B.

1671 1246 1731 1298 R.
1750 1245 1796 1297 J.
1814 1245 1866 1297 J.
1881 1247 1941 1298 A.
1955 1247 2084 1317 Arg.
2101 1246 2168 1299 G.
2192 1247 2345 1300 Dem.
2360 1247 2695 1316 ffiv-ftondes

1674 1324 1742 1376 al.
1777 1340 2019 1393 purpurat
2061 1329 2155 1376 abo
2194 1327 2278 1381 Sa.
2313 1347 2537 1395 purpura
2580 1332 2696 1379 tabo

1673 1405 1737 1456 L.
1763 1405 1832 1456 D.
1860 1421 1975 1472 qnoe
1986 1405 2237 1473 ,frondent
2249 1421 2471 1475 purpura
2498 1422 2547 1458 et
2572 1423 2697 1458 auru

1670 1483 1773 1554 legi
1802 1483 1912 1536 vult
1939 1481 2122 1537 Ursiu.
2162 1515 2235 1526 —-
2264 1491 2381 1537 Tum
2408 1505 2521 1554 qnoe
2537 1491 2703 1555 pallet

1673 1566 1810 1615 hami
1819 1601 1834 1623 ‚
1875 1583 1988 1630 quoe
1999 1565 2272 1632 ⁸'‘i-andem.
2300 1566 2503 1638 Duplex
2531 1583 2699 1638 genus

1674 1641 1939 1694 violarum
1990 1661 2406 1697 commemorare
2450 1644 2661 1698 videtur
2682 1685 2699 1712 ,

1674 1739 1841 1773 unum
1888 1721 2031 1792 quod
2075 1725 2209 1774 kretai
2238 1727 2424 1792 pallet,
2468 1725 2697 1778 alterum

1674 1798 1821 1871 quod
1832 1803 2088 1868 frondens
2124 1821 2247 1853 anm
2278 1817 2534 1871 pauperat.
2568 1805 2699 1857 Pur-

1672 1897 1872 1948 pureus
1914 1879 2061 1932 color
2098 1880 2155 1932 h.
2202 1881 2237 1933 l.
2266 1896 2375 1951 'pro
2413 1881 2549 1935 ssavo
2587 1883 2702 1936 sive

1673 1957 1831 2028 igneo
1852 1958 2113 2029 accipitur
2128 1997 2143 2023 ,
2173 1959 2621 2031 quemadmodum
2646 1974 2699 2015 et

1674 2036 1820 2089 hunc
1863 2037 2039 2090 locutu
2080 2038 2311 2110 explicat
2342 2039 2524 2095 Barth.
2562 2041 2697 2094 Λᾶν.

1675 2115 1968 2182 XXXVII,
1996 2135 2080 2168 πο.
2104 2118 2239 2170 Nam
2272 2117 2363 2170 hic
2390 2120 2699 2192 intelligun-

1674 2207 1763 2248 tur
1787 2195 1937 2247 violae
1960 2193 2124 2249 ssavo.
2150 2195 2329 2248 Codex
2350 2199 2401 2252 S.
2424 2198 2699 2266 Germani,

1678 2287 1809 2328 teste
1850 2273 2069 2326 Heinsio
2088 2315 2104 2339 ,
2147 2275 2277 2345 legit
2299 2292 2542 2344 put-putat
2574 2283 2699 2340 abo,

1676 2340 1821 2409 mide
1862 2354 1949 2406 ille
1986 2355 2111 2406 facit
2134 2371 2377 2423 purpurae
2402 2362 2549 2418 albe,
2583 2360 2699 2411 scil.

1676 2433 1869 2487 colore.
1895 2434 2016 2486 Set-1.
2055 2464 2126 2475 ·-—
2153 2439 2405 2486 Frondem
2430 2436 2701 2507 adjectum

1674 2524 1807 2585 puto
1832 2532 1861 2564 a
1888 2524 2044 2583 poeta
2065 2549 2081 2575 ,
2114 2524 2175 2565 nt
2208 2526 2568 2584 opponeretur
2594 2514 2707 2569 hoe

1675 2608 1839 2664 genus
1864 2590 2019 2645 viola
2054 2590 2293 2645 flaventis
2331 2592 2520 2645 humili
2547 2594 2707 2651 alteri

1676 2690 1971 2744 put-putem
1993 2670 2265 2743 aliquanto
2284 2672 2424 2724 euim
2441 2674 2703 2729 excelsius

1676 2762 1771 2813 est,
1790 2762 1839 2803 et
1864 2750 2093 2804 fruticat.
2114 2749 2598 2819 Gnate—Purpureae
2612 2754 2701 2805 in·

1676 2830 1945 2883 transitive
1970 2829 2039 2883 de
2060 2829 2297 2883 floribus.
2328 2830 2532 2902 Pei-vig.
2564 2832 2699 2885 Ven.

1678 2931 1729 2965 v.
1756 2910 2023 2983 13:-1p·a
2044 2910 2295 2982 gemmeis
2316 2922 2699 2983 purpurantem

1675 2990 1847 3062 pingit
1870 3008 2069 3043 aunum
2096 2988 2315 3043 floribus
2336 3014 2379 3045 a.

1754 3088 1870 3123 102.
1906 3073 2123 3123 Nitnittm
2154 3088 2271 3121 msa
2296 3074 2454 3137 plena
2475 3074 2697 3137 pudoris.

1676 3150 1878 3203 Mavult
1902 3150 2147 3203 Heinsius
2184 3175 2205 3196 «ι
2226 3147 2377 3201 nimii
2399 3166 2518 3203 rosa
2542 3150 2703 3220 plena

1678 3229 1894 3300 pudoris
1912 3256 1939 3276 ι·
1956 3268 1971 3295 ,
2027 3228 2110 3282 vel
2166 3254 2189 3275 ι
2216 3228 2386 3281 nimio
2427 3227 2632 3301 pudore
2657 3256 2710 3284 a.

1676 3310 1803 3365 scu.
1844 3340 1915 3349 —
1954 3314 2121 3361 Pudor
2160 3309 2293 3363 rosis
2341 3308 2566 3361 tributus
2599 3326 2709 3379 pro

1677 3388 1873 3443 rubore
1900 3388 2097 3441 centies
2130 3387 2365 3441 occurrit
2392 3384 2535 3458 apud
2574 3404 2709 3458 poe-

1679 3478 1774 3521 tas.
1792 3468 1999 3536 Pei-vig.
2025 3469 2166 3520 Ven.
2188 3486 2239 3519 v.
2264 3484 2359 3534 19:
2384 3492 2409 3511 ιι
2432 3466 2571 3519 Hinc
2595 3483 2706 3536 pu·

1676 3545 1865 3600 dorem
1884 3544 2175 3600 florulenta
2198 3545 2547 3619 prodiderunt
2568 3563 2707 3617 pur·

1714 3644 1822 3679 um
1846 3652 1889 3679 υ.

1673 3646 1711 3705 p
1768 3706 1883 3760 103.
1944 3712 2169 3758 Panaees
2236 3706 2287 3757 J.
2349 3706 2407 3758 B.
2472 3704 2531 3757 R.
2605 3710 2707 3757 La-

1678 3790 1877 3851 ckryma
1916 3786 1965 3837 J.
1995 3787 2057 3838 B.
2102 3788 2161 3837 R.
2191 3786 2244 3837 J.
2290 3786 2343 3837 J.
2390 3785 2548 3837 H.A.
2576 3785 2709 3857 Arg.

1681 3866 1746 3919 G.
1767 3870 1975 3918 lacrima
1990 3904 2003 3927 ,
2050 3886 2263 3934 sucoque
2289 3867 2440 3920 Deru.
2464 3894 2535 3905 -—
2556 3869 2709 3917 Nune

1679 3949 1871 3997 medica
1909 3964 2159 4014 panacem
2212 3948 2448 4010 lacryma.
2514 3950 2711 3997 Parma·

1680 4026 1854 4078 frutex
1880 4063 1895 4089 ,
1928 4025 2011 4079 vel
2026 4044 2254 4093 panaces
2282 4036 2458 4077 neutr.
2492 4039 2611 4093 gen.
2648 4036 2713 4077 ut

1680 4104 1752 4157 ait
1774 4104 1975 4158 Plinius
1994 4141 2009 4167 ,
2040 4104 2208 4165 XXV,
2229 4110 2259 4167 4
2279 4144 2295 4169 ,
2333 4122 2377 4157 s.
2412 4120 2505 4157 11:
2537 4130 2563 4150 ··
2586 4102 2707 4175 ipso
