2964 4690
440 384 585 476 554

1276 392 1412 464 AU
1426 391 1475 464 S
1490 392 1555 461 Ο
1571 392 1635 462 Ν
1649 391 1728 460 11

435 512 833 605 Imperium,
874 509 1059 580 litem
1078 565 1097 600 ‚
1133 515 1498 600 Venerem,
1523 537 1646 584 cur
1679 535 1814 581 une
1849 525 2036 582 notet

435 620 641 687 Estne
679 620 1013 716 peregrini
1055 645 1183 691 vox
1216 623 1543 716 neminie,
1580 646 1664 695 an
1707 622 1884 692 Latii

436 731 525 798 Et
563 729 745 823 quod
786 756 1103 828 germano
1140 731 1424 804 mixtum
1460 731 1636 802 male
1670 730 2004 802 letiferum

2324 535 2426 579 res
2441 511 2469 580 Ξ)

2350 619 2428 690 sil
2441 620 2471 689 ἐ’

2281 733 2422 801 min
2436 732 2468 802 Ρ

434 839 782 912 Lintribus
821 843 894 913 in
934 843 1219 938 geminis
1254 857 1630 913 constratus
1659 857 1870 938 ponto
1903 841 2024 928 sit,
2061 865 2150 911 an
2259 841 2478 938 pons?
2520 881 2570 906 m

436 1067 663 1120 maxime
676 1103 694 1130 ,
715 1065 1009 1120 exscribere
1031 1062 1259 1138 placuit:
1283 1065 1459 1119 «Rhe-

434 1157 521 1200 tor
538 1147 799 1199 meierum
815 1159 1021 1202 amator
1044 1145 1144 1202 iste
1159 1147 1461 1213 verborum,

432 1227 541 1279 Iste
554 1267 570 1293 ,
588 1225 687 1280 iste
705 1226 929 1291 Rhetor,
948 1243 1184 1299 namque
1198 1236 1461 1298 quatenus

437 1318 578 1360 totus
607 1305 949 1381 Thucydides
966 1307 1253 1360 Britannus
1276 1306 1462 1361 Attica

438 1387 599 1444 febris
616 1388 733 1443 Tau
765 1386 1026 1443 Gallicum
1040 1426 1057 1454 ,
1099 1385 1211 1440 min
1249 1385 1423 1459 ipsum
1442 1425 1460 1452 ,

440 1482 495 1523 et
528 1470 579 1524 al
620 1469 668 1522 ei
712 1467 857 1522 illisit
877 1493 920 1522 ι.
968 1467 1129 1522 Poeta
1170 1485 1297 1522 sene
1356 1465 1461 1520 hoc

440 1548 778 1622 Epigramma
826 1544 1053 1618 respexit
1074 1586 1091 1613 ‚
1144 1564 1253 1617 quo
1305 1547 1461 1600 Mero

438 1627 686 1701 suggillet
729 1627 1017 1681 Rhetorem
1066 1627 1325 1682 meierum
1368 1629 1463 1681 seu

438 1707 839 1761 decurtatos-um
849 1708 1131 1761 verborum
1150 1718 1458 1762 amatorem.

440 1785 597 1840 Unde
620 1797 766 1858 putet
792 1804 955 1857 quem
979 1797 1153 1844 totum
1182 1786 1331 1847 hunc
1351 1786 1463 1840 Au·

441 1865 580 1918 sonii
602 1864 779 1918 locum
806 1867 1098 1920 turbaverit
1121 1865 1364 1923 Floridus
1384 1865 1467 1920 di·

442 1943 595 1997 vulso
620 1963 801 2011 versu,
826 1946 883 1998 in
915 1963 1023 2017 quo
1048 1951 1149 1998 nain
1177 1947 1409 2001 occurrit
1432 1966 1467 2001 a

446 2025 631 2096 quinto
659 2035 712 2078 et
738 2038 884 2078 sexto
905 2043 1091 2090 versu,
1110 2025 1169 2078 in
1190 2026 1386 2097 quibus
1411 2033 1470 2081 al

444 2116 495 2159 et
516 2120 621 2159 tau.
640 2105 781 2176 Lege
796 2105 959 2178 igitur
982 2123 1047 2160 eo
1071 2097 1283 2170 ordine,
1304 2123 1466 2178 quem

442 2183 680 2256 Scaliger
713 2185 993 2258 proposuit
1020 2197 1075 2238 et
1102 2184 1310 2238 Tollius
1337 2186 1469 2242 inse-

446 2277 647 2336 quntus
680 2276 793 2318 est:
838 2292 865 2312 α
887 2264 987 2319 Dic
1012 2261 1143 2336 quid
1168 2265 1470 2338 significent

448 2343 701 2398 catalecta
743 2343 1023 2400 Maronis?
1056 2345 1111 2399 in
1157 2345 1243 2399 his
1288 2347 1366 2413 ul,
1406 2350 1471 2399 Et

447 2422 595 2495 quod
620 2423 889 2483 celtarum
916 2426 1091 2498 posuit
1112 2444 1221 2484 non
1242 2424 1471 2481 lucidius

449 2515 541 2557 tau
563 2541 580 2566 ,
622 2502 693 2555 Et
727 2502 873 2574 quod
922 2503 1191 2561 Germano
1241 2506 1473 2559 mixtum

450 2581 591 2637 mele
630 2580 901 2637 letiferum
943 2584 1115 2639 minn.
1157 2588 1257 2650 Al,
1285 2596 1375 2636 tau
1419 2595 1474 2637 et

452 2664 555 2715 min
612 2660 805 2733 prioris
868 2662 1083 2735 syllaba
1145 2674 1269 2717 sunt
1326 2663 1435 2717 sliii
1454 2700 1473 2725 ,

454 2739 587 2798 tauri
616 2752 668 2795 et
708 2739 874 2796 minii.
912 2742 1123 2799 Scilicet
1148 2762 1315 2816 quum
1336 2743 1476 2797 Rbe-

454 2832 541 2874 tor
558 2820 649 2873 ille
672 2818 741 2873 de
770 2840 883 2893 quo
902 2822 1159 2895 Virgilius
1174 2862 1191 2889 ,
1206 2822 1475 2878 dealem-

457 2910 542 2953 ret
590 2898 661 2955 de
724 2914 897 2957 morte
940 2902 1345 2970 Themistoclis,
1382 2904 1479 2976 qui

458 2991 617 3050 epoto
650 2980 867 3045 taurino
904 2982 1159 3053 sunguine
1196 2983 1479 3039 exstinctus

462 3069 569 3121 est,
594 3077 696 3129 pro
732 3071 885 3116 tauro
920 3058 1129 3115 dicebat
1154 3076 1261 3114 cau.
1294 3064 1479 3130 Quum

462 3136 529 3190 de
558 3137 652 3193 illo
682 3138 993 3206 disserta-et,
1012 3140 1139 3212 qui,
1180 3141 1311 3195 dum
1341 3142 1484 3216 putri

461 3216 647 3283 allium
676 3230 893 3287 tes-eret,
926 3219 1148 3285 minium
1185 3241 1216 3276 e
1256 3240 1486 3277 noverca

462 3297 717 3370 injectum
742 3298 1055 3372 imprudens
1086 3301 1361 3370 contrivit,
1390 3322 1489 3373 pro

468 3378 597 3443 allio
631 3383 713 3445 al,
755 3397 858 3450 pro
902 3380 1071 3435 minio
1112 3386 1213 3435 min
1253 3381 1486 3436 dicebat.

465 3460 595 3513 Hoc
617 3459 729 3516 Jos.
750 3459 987 3531 Scaliger
1005 3460 1233 3515 feliciter
1252 3462 1492 3535 quidem,

470 3552 527 3595 at
546 3558 645 3610 pro
666 3558 815 3599 more
838 3560 937 3595 suo
960 3560 1153 3614 parum
1170 3542 1422 3597 modeste.

543 3638 595 3690 7.
617 3624 901 3688 Imperium,
928 3626 1089 3685 uma,
1126 3630 1382 3686 Venemn,
1408 3644 1498 3677 cur·

468 3720 575 3755 una
608 3714 744 3751 notet
775 3720 872 3756 res.
904 3705 1161 3771 hapa-'usn
1186 3702 1404 3775 quidem
1434 3718 1498 3759 ut

472 3782 529 3833 in
546 3780 651 3835 hoc
668 3779 761 3833 lib.
783 3780 1004 3835 1111511.
1018 3802 1070 3836 v.
1090 3800 1115 3835 1
1132 3798 1148 3836 ε
1164 3808 1193 3828 e
1208 3781 1494 3855 Postquam

472 3879 555 3913 res
582 3860 747 3921 Asin,
772 3860 1077 3933 Priamique
1108 3874 1341 3915 evertere
1367 3880 1492 3935 gen·

474 3951 581 3994 tem
628 3942 961 3997 Immeritsm
1003 3942 1177 3996 visum
1220 3942 1436 4013 Superis·
1451 3968 1494 3995 ιο.

476 4021 628 4070 Lirem
668 4032 728 4075 ut
760 4020 817 4075 in
852 4020 960 4075 hoc
999 4019 1206 4074 Horatii
1228 4062 1243 4085 ,
1296 4022 1387 4074 lib.
1423 4022 1451 4073 I
1476 4061 1493 4087 ,

472 4096 575 4151 Sat.
602 4116 659 4165 9:
686 4126 713 4175 .“
732 4102 939 4157 Dubius
960 4120 1081 4155 sum
1108 4101 1237 4173 quid
1264 4102 1457 4155 faciam
1474 4138 1491 4164 ‚

1545 1066 1719 1139 inquit
1735 1085 1754 1133 ;
1785 1068 1932 1122 Tene
1949 1066 2246 1137 relinquam
2259 1104 2278 1132 ‚
2295 1083 2366 1117 an
2383 1081 2496 1117 rem
2519 1089 2566 1116 ι.

1548 1147 1706 1202 Unde
1741 1159 1795 1202 et
1825 1168 1937 1201 reus
1971 1165 2166 1200 nomen
2195 1145 2376 1198 hahet.
2410 1153 2568 1196 Vene-

1547 1247 1673 1292 rem,
1699 1240 1761 1282 ut
1795 1229 1852 1282 in
1889 1228 1996 1282 hoc
2019 1225 2291 1291 Terentii,
2315 1221 2564 1278 Eunuch.

1549 1318 1649 1364 act.
1676 1309 1734 1371 1,
1765 1323 1842 1362 sc.
1861 1297 1922 1360 si
1953 1332 1976 1354 ι
1998 1306 2113 1377 Ego
2135 1323 2262 1358 cum
2295 1302 2568 1375 illo,quo-

1549 1406 1672 1441 eum
1701 1400 1815 1442 tum
1849 1405 1959 1440 uno
1979 1405 2092 1442 rem
2109 1385 2371 1439 habebam
2393 1384 2573 1456 hospi·

1548 1479 1602 1524 te
1617 1505 1636 1534 ,
1653 1466 1775 1520 Abii
1791 1466 1902 1522 huc
1919 1491 1968 1522 υ.

1620 1549 1672 1601 8.
1704 1551 1790 1602 Sil.
1833 1546 1971 1601 Plin.
2009 1546 2104 1600 lib.
2135 1545 2376 1599 xxxm
2399 1581 2418 1607 ‚
2453 1559 2570 1614 csp.

1556 1645 1657 1681 12:
1696 1625 1809 1678 «In
1847 1625 2049 1698 argenti
2093 1637 2144 1678 et
2189 1623 2306 1677 auri
2346 1621 2572 1676 metallis

1550 1717 1842 1760 newuntur
1905 1705 2198 1760 etiamnum
2261 1701 2531 1776 pigmenta
2556 1737 2573 1762 ,

1547 1785 1624 1845 Sil
1643 1823 1660 1851 ,
1694 1797 1750 1842 et
1787 1785 2107 1839 Coruleum.
2151 1782 2230 1838 sil
2269 1780 2482 1853 proprie
2513 1777 2575 1832 ti·

1551 1885 1670 1922 mus
1700 1876 1777 1920 est
1794 1892 1839 1918 n.
1873 1863 1941 1918 Et
1965 1861 2118 1918 initio
2142 1881 2262 1936 cap.
2292 1861 2355 1914 13
2381 1882 2394 1914 ε
2425 1858 2577 1912 «Sile

1552 1945 1769 2020 pingere
1783 1943 2055 2000 instituere
2076 1941 2234 2016 primi
2247 1939 2576 2014 Polygnotus

1553 2038 1607 2081 et
1649 2025 1850 2098 Mycon
1869 2064 1886 2092 ,
1923 2023 2097 2076 Attico
2140 2020 2411 2074 duntaxat.
2459 2017 2576 2070 Hoc

1553 2119 1779 2180 sequuta
1821 2115 1948 2161 ates
1997 2101 2068 2158 ud
2110 2101 2312 2157 lumine
2344 2117 2442 2154 usa
2479 2108 2575 2152 est.

1555 2187 1639 2242 Ad
1667 2186 1887 2240 umbras
1911 2195 2090 2238 eutem
2129 2179 2347 2254 Scyrice
2386 2191 2442 2233 et
2471 2177 2579 2252 Ly·

1555 2268 1669 2322 nio.
1712 2262 1947 2336 Lydium
1987 2260 2243 2315 Sardibus
2271 2259 2577 2324 emebatur,

1557 2360 1656 2403 etc.
1680 2373 1706 2394 ι·
1759 2344 1899 2399 Hinc
1934 2341 2197 2401 dubitatio
2243 2337 2466 2394 Ausonii
2509 2356 2580 2391 an

1559 2432 1632 2481 sil·
1645 2444 1744 2479 vox
1766 2425 1990 2491 Latina,
2027 2441 2096 2476 an
2115 2420 2328 2487 Gaea,
2361 2438 2430 2471 en
2455 2418 2581 2471 bur·

1559 2512 1688 2565 burs
1714 2543 1731 2570 ‚
1767 2516 1896 2576 puts
1918 2541 1935 2568 ,
1973 2500 2162 2574 Lydia.

1632 2605 1684 2656 9.
1721 2591 1786 2637 Ee
1801 2587 1938 2653 quod
1955 2600 2200 2652 gemam
2221 2581 2428 2631 misum
2453 2583 2586 2631 male

1562 2666 1802 2737 lensensis
1835 2666 1954 2715 min.
1981 2663 2088 2713 ltin
2123 2678 2226 2732 pro
2257 2658 2426 2713 minio
2451 2656 2586 2731 posi·

1563 2758 1678 2800 tum
1727 2755 1873 2798 recte
1913 2740 2140 2814 conjecit
2174 2738 2446 2811 Scaliger,
2494 2736 2588 2791 sed

1565 2841 1775 2880 sensum
1799 2822 1958 2894 hujus
1975 2818 2084 2874 loci
2107 2837 2219 2874 non
2242 2818 2482 2891 aperuit,
2499 2834 2591 2870 ne·-

1567 2922 1674 2976 que
1739 2901 2172 2957 Ausoninuorum
2241 2900 2590 2970 interpretum

1567 2983 1850 3055 quisquam
1864 3021 1881 3048 ‚
1919 2979 2068 3053 quod
2107 2980 2287 3034 sciam.
2329 2975 2591 3032 Peteudus

1569 3076 1648 3119 est
1693 3062 1800 3117 loci
1839 3061 2009 3135 hujus
2043 3059 2148 3113 loci
2189 3056 2488 3111 intellectus
2526 3073 2590 3109 ex

1571 3146 1674 3199 hoc
1723 3140 1882 3195 Plinii
1947 3140 2067 3193 loco
2089 3176 2106 3203 ,
2161 3138 2254 3191 lib.
2311 3134 2592 3195 XXXIII,

1575 3241 1692 3295 cap.
1715 3240 1747 3291 7
1769 3238 1782 3275 τ
1813 3246 1840 3266 α
1857 3219 2053 3273 Milton
2079 3228 2274 3273 vocant
2299 3214 2472 3269 Greci
2497 3213 2594 3267 mi·

1575 3303 1726 3355 nium
1747 3340 1764 3367 ,
1809 3298 2027 3371 quidum
2080 3296 2370 3351 cinnabari.
2437 3290 2596 3348 Unde

1579 3393 1734 3436 natus
1769 3396 1920 3433 error
1959 3376 2146 3432 Indico
2173 3374 2472 3429 cinnabaris
2507 3390 2600 3424 no-

1581 3461 1738 3515 mine.
1785 3460 1874 3515 Sic
1907 3459 2052 3513 enim
2089 3455 2356 3529 adpellunt
2395 3453 2476 3506 illi
2515 3470 2598 3505 sa-

1579 3542 1726 3597 niem
1763 3536 2010 3595 draconis
2043 3536 2159 3591 elisi
2199 3534 2602 3608 elephantorum

1580 3617 1922 3676 morientium
1988 3615 2228 3690 pondere
2249 3656 2267 3683 ,
2339 3612 2602 3685 permixto

1581 3702 1854 3772 utriusque
1913 3696 2153 3751 animalis
2193 3694 2450 3766 sanguine
2470 3731 2487 3758 ,
2543 3700 2606 3742 ut

1583 3779 1832 3835 diximus.
1859 3778 2044 3849 Neque
2075 3775 2211 3830 elius
2243 3785 2321 3827 est
2342 3772 2490 3825 color
2509 3770 2604 3841 qui

1581 3862 1638 3914 in
1663 3858 1884 3934 picturis
1914 3856 2126 3929 proprie
2149 3853 2461 3926 sanguinem
2479 3848 2604 3903 red-

1581 3938 1690 3995 dat.
1729 3940 1824 3993 Ina
1845 3936 2144 3991 cinnabaris
2165 3931 2419 3987 antidotis
2442 3926 2607 3982 rnedi-

1584 4018 1938 4090 camentisque
1965 4014 2238 4069 utilissime
2265 4024 2363 4065 est.
2392 4010 2462 4061 At
2479 4009 2606 4061 her·

1585 4100 1706 4154 cule
1741 4095 1964 4164 medici,
1993 4096 2118 4168 quie
2159 4088 2474 4147 cinnabarin
2511 4107 2610 4142 vo-
