2964 4690
495 373 638 470 444
703 419 708 438 .
1219 373 1890 442 PRAEMONITIO

493 501 672 569 unde
701 502 970 568 ridicule
1013 504 1290 568 caecutiit
1321 505 1613 586 Dclrius,
1649 505 1763 593 qui
1802 505 1989 568 initio
2023 505 2489 573 Commentarii
2530 505 2612 568 ad

493 609 748 674 Senecae
775 608 1072 674 Medeam
1105 610 1328 674 scribit
1344 657 1362 691 ,
1397 641 1424 666 ι
1444 611 1913 675 Tertullianum
1934 611 2105 674 forte
2126 609 2208 674 ad
2228 611 2613 674 sententiam

491 715 692 804 magis
739 737 933 801 quam
975 713 1059 778 ad
1088 715 1282 780 verba
1314 717 1700 804 respexisse,
1752 715 1913 780 dum
1945 714 2157 780 Ovidii
2194 713 2490 780 Medeam
2536 739 2615 779 ex

489 820 757 909 Virgilio
799 827 1154 886 'centonem
1206 838 1546 910 nuncupat
1566 853 1609 885 ι».
1672 823 1902 910 Neque
1950 823 2239 910 sagacius
2292 843 2431 885 rem
2482 821 2618 910 egit

491 926 820 1008 Barthius,
849 929 966 1014 qui
1008 926 1094 992 ad
1128 927 1460 992 Claudian.
1498 950 1641 1016 pag.
1683 950 1708 991 1
1728 929 1849 994 160
1885 926 2144 1008 conjicit
2184 927 2357 990 illam
2398 924 2615 990 Ovidii

490 1032 861 1121 tragoediam
921 1035 1216 1100 versibus
1259 1034 1625 1124 Virgilianis
1688 1050 2052 1100 contextam
2120 1057 2157 1098 a
2216 1031 2618 1097 Tertulliano

491 1139 698 1204 tradi:
733 1162 1066 1228 perperam
1113 1164 1378 1229 quoque
1420 1140 1598 1230 apud
1635 1140 1938 1206 cumdem
1976 1139 2375 1204 Colomesius
2411 1154 2480 1203 et
2512 1137 2617 1202 alii

493 1244 925 1308 emendarunt
956 1245 1214 1312 Ovidius
1237 1247 1472 1330 Scytha
1497 1271 1520 1310 .·
1561 1246 1661 1310 vel
1702 1243 1929 1310 Getam
1956 1244 2173 1309 vocari
2204 1241 2622 1308 crediderunt

415 1351 420 1362 '
493 1351 1008 1440 Nasonem,quia
1039 1353 1176 1441 ipsc
1202 1353 1310 1417 lib.
1331 1354 1420 1416 IV
1448 1352 1639 1418 Pont.
1666 1353 1868 1440 Epist.
1900 1351 1975 1416 13
1994 1399 2012 1434 ,
2058 1350 2172 1431 18,
2208 1349 2396 1414 dicit:

775 1506 1027 1561 Carmina
1053 1527 1172 1580 quae
1199 1509 1385 1560 faciam
1413 1527 1567 1580 paene
1590 1518 1746 1579 poeta
1774 1507 1949 1560 Getes.

496 1655 660 1736 Quae
709 1673 882 1720 certe
939 1657 1093 1720 viris
1145 1655 1414 1720 eruditis
1465 1678 1601 1719 non
1658 1653 2043 1720 excidissent
2063 1703 2081 1736 ,
2139 1655 2193 1718 si
2252 1653 2623 1744 tragoediam

495 1759 664 1824 hanc
704 1760 947 1825 Medeae
991 1762 1428 1825 centonariam
1459 1760 1793 1826 vidissent.
1838 1764 1943 1825 An
1974 1777 2191 1824 autem
2224 1761 2329 1825 illc
2363 1759 2626 1825 Osidius

496 1866 597 1929 vel
630 1866 936 1932 Hosidius
968 1867 1132 1932 Geta
1167 1867 1341 1932 idem
1387 1869 1470 1933 sit
1506 1891 1582 1932 ac
1614 1870 1731 1932 Cn.
1770 1867 2077 1932 Hosidius
2102 1869 2296 1949 Geta,
2339 1867 2453 1955 qui
2496 1866 2625 1930 sub

500 1971 772 2036 Claudio
817 1973 1047 2037 consul
1099 1973 1225 2038 fuit
1271 1996 1420 2038 cum
1475 1977 1545 2038 L.
1588 1973 1875 2064 Vagellio
1916 1997 2019 2038 an.
2068 1974 2230 2053 800,
2276 1988 2344 2036 01
2390 1972 2505 2060 qui
2556 1971 2625 2034 in

497 2075 703 2141 Fastis
735 2073 1000 2143 Consul.
1039 2079 1350 2144 Almelov.
1384 2103 1448 2168 p.
1486 2103 1639 2168 119,
1682 2095 1879 2167 atque
1924 2079 2341 2168 inscriptione
2387 2077 2625 2166 insigni

499 2186 782 2249 occurrit
825 2185 1000 2274 apud
1038 2186 1293 2251 Reines.
1331 2187 1432 2251 Cl.
1463 2187 1625 2268 VII,
1671 2209 1738 2250 n.
1762 2187 1892 2268 XI,
1925 2209 1987 2274 p.
2022 2184 2151 2272 475
2186 2200 2251 2248 01
2275 2185 2440 2272 476ς
2478 2207 2625 2272 quae

499 2290 794 2361 continet
835 2291 998 2357 illud
1037 2293 1298 2368 Sctum‚
1333 2293 1518 2374 cujus
1554 2291 1637 2357 ad
1670 2292 1939 2357 Tertull.
1987 2290 2051 2357 d.
2103 2291 2144 2356 l.
2189 2290 2483 2355 meminit
2523 2290 2626 2354 Ri-

499 2398 764 2485 galtius,
820 2397 935 2462 sed
995 2398 1179 2486 quod
1233 2399 1639 2463 emendatius
1692 2414 1899 2463 exstat
1957 2399 2025 2461 in
2084 2397 2629 2485 Inscriptionibus

496 2502 842 2583 Donianis,
882 2526 944 2591 p.
983 2504 1106 2587 84,
1148 2503 1495 2568 decernere
1526 2504 1633 2569 vix
1665 2526 1975 2593 possum:
2012 2526 2225 2591 neque
2256 2526 2337 2567 an
2371 2503 2477 2566 ille
2510 2503 2627 2585 sit,

499 2608 613 2695 qui
646 2608 823 2697 apud
858 2610 1054 2675 Dion.
1087 2614 1260 2674 Cass.
1299 2610 1410 2674 lib.
1446 2611 1595 2691 LX,
1624 2632 1763 2699 oep.
1800 2632 1922 2691 20,
1955 2633 2019 2698 p.
2044 2610 2175 2697 678
2197 2658 2215 2689 ,
2248 2620 2396 2680 Γαῖος
2418 2620 2441 2671 ὁ
2464 2614 2627 2677 Σέδιος

497 2715 662 2778 male
709 2717 1080 2799 vocabatur,
1139 2733 1216 2782 ut
1276 2716 1520 2781 ibidem
1574 2716 1893 2805 Rigaltius
1954 2732 2174 2795 notat3
2239 2737 2391 2779 nam
2456 2730 2629 2778 recte

499 2834 673 2893 Γναῖος
700 2822 902 2894 ὁσίδιος
933 2834 1092 2893 Γέταις
1127 2822 1331 2887 edidit
1365 2821 1701 2887 Reimarus
1718 2870 1737 2903 ,
1783 2838 1857 2885 ut
1889 2838 1956 2885 ct
1991 2818 2449 2910 corrigendum
2484 2842 2629 2883 mo-

502 2926 649 2989 nuit
681 2929 974 3017 Cuperus
1006 2929 1074 2991 in
1109 2929 1314 3018 Epist.
1346 2926 1428 2993 ad
1459 2926 1531 2989 la
1570 2928 1795 3009 Croze,
1838 2952 1903 3017 p.
1941 2950 2065 3014 29,
2108 2944 2173 2991 et
2204 2950 2289 2991 an
2334 2926 2418 2991 ad
2450 2926 2629 2989 hunc

501 3033 600 3095 vel
652 3050 902 3121 patrem
941 3035 1077 3115 ejus
1113 3032 1493 3099 referendus
1536 3034 1641 3097 ille
1672 3033 1872 3104 ὀσιαῖος
1908 3045 2097 3115 Γέτας,
2140 3034 2327 3113 cujus
2358 3028 2629 3096 secundi

419 3223 428 3233 ι
503 3140 944 3203 triumviratus
991 3139 1288 3204 meminit
1339 3138 1514 3203 idem
1564 3156 1813 3220 auctor,
1864 3139 1975 3203 lib.
2018 3139 2306 3221 XLVII,
2342 3160 2481 3225 cap.
2514 3160 2625 3217 10,

507 3265 568 3331 p.
605 3245 766 3329 498,
815 3246 927 3308 ubi
975 3268 1238 3333 quoque
1279 3282 1314 3314 a
1354 3246 1422 3307 in
1457 3252 1497 3309 δ·
1531 3260 1783 3308 mutato
1816 3266 1895 3309 ex
1926 3243 2325 3309 correctione
2358 3242 2631 3307 Fabricii

504 3347 706 3413 edidit
733 3350 1068 3415 Reimarus
1097 3352 1315 3423 ὁσίδιος·
1344 3350 1490 3414 vide
1518 3351 1711 3415 etiam
1745 3350 1856 3414 lib.
1890 3351 2040 3432 LX,
2086 3372 2223 3438 cap.
2254 3373 2299 3436 9
2318 3398 2336 3429 ,
2383 3372 2446 3437 p.
2476 3353 2631 3435 947,

503 3456 616 3519 'ubi
652 3456 807 3519 Olim
836 3455 1150 3521 edebatur
1178 3457 1370 3521 etlam
1409 3468 1580 3527 Γναῖος
1610 3468 1635 3518 ὁ
1662 3460 1845 3527 Σίδιος.
1876 3456 1958 3519 Et
1984 3471 2155 3519 certe
2188 3452 2497 3519 Hosidius
2526 3454 2635 3517 ille

505 3562 694 3642 Geta,
739 3562 1139 3627 Tertulliano
1177 3562 1475 3628 laudatus
1500 3613 1519 3646 ,
1564 3562 1644 3627 ad
1691 3564 2060 3628 inferiorem
2104 3578 2356 3625 aetatem
2404 3558 2633 3623 detru-

485 3664 758 3741 ,dendus
787 3685 884 3730 est
903 3717 921 3746 ,
949 3691 1163 3757 neque
1191 3684 1485 3734 constare
1512 3685 1671 3758 puto
1688 3718 1705 3751 ,
1741 3669 1809 3733 id
1842 3690 2047 3757 genus
2074 3667 2376 3732 carminis
2406 3680 2635 3729 cento-

503 3772 664 3837 narii
693 3772 824 3851 jam
854 3774 1103 3838 Claudii
1143 3792 1438 3863 tempore
1468 3775 1539 3838 in
1569 3797 1695 3839 usu
1724 3775 1957 3855 fuisse,
1984 3772 2165 3862 quod
2199 3772 2465 3835 minime
2498 3787 2631 3834 tam

502 3879 876 3965 antiquum,
911 3900 1124 3965 neque
1146 3879 1327 3943 facile
1351 3879 1525 3943 aliud
1551 3880 1674 3945 hac
1703 3881 1837 3968 ipsa
1869 3878 2098 3945 Medea
2115 3927 2133 3960 ,
2158 3893 2224 3942 ct
2250 3877 2635 3942 Ausoniam)

502 3981 1112 4071 Centone'Nuptiali
1145 3988 1464 4049 vetustius
1511 3985 1700 4049 nobis
1746 4006 2079 4075 superesse
2127 3982 2369 4047 credo:
2421 4004 2635 4067 neque

502 4088 805 4156 credebat
838 4089 1032 4157 etiam
1070 4092 1366 4181 Cuperus
1394 4091 1463 4155 in
1498 4091 1863 4181 Epistolicis
1890 4088 2148 4157 Gallicis
2166 4137 2185 4173 ,
2220 4089 2424 4176 Epist.
2446 4084 2602 4154 VIII
2616 4134 2634 4163 ‚
