2964 4690
642 358 779 427 DE
826 358 1147 427 HORT.
1198 360 1325 427 ET
1374 359 1700 428 RURIS
1748 359 2125 427 AMOEN.

2319 384 2452 455 129

524 482 833 551 Pirumve
866 494 1057 549 tanto
1086 479 1269 573 quod
1304 477 1606 575 periculo
1647 494 1910 572 captes:

522 592 871 684 Magisque
902 614 1051 659 cera
1088 589 1343 661 luteum
1382 613 1560 657 nova
1598 612 1926 682 prunum,

525 702 899 771 Sorbumve
944 726 1069 771 ven
1077 714 1206 770 tres
1243 700 1534 771 lubricos
1572 713 2011 768 moraturum.

529 814 860 907 Praesigne
899 813 1066 881 rami
1104 836 1231 881 nec
1260 812 1393 880 mei
1430 810 1656 879 ferunt
1685 834 1985 896 morum,

522 926 866 995 Nucemve
902 920 1207 1016 longam,
1244 919 1445 1015 qu'am
1485 934 1736 989 vocant
1771 916 2196 1004 Avellanam,
2273 969 2288 993 .,

531 1030 1061 1128 Amygdalumve
1102 1031 1268 1101 flore
1309 1054 1648 1127 purpureo
1685 1028 1962 1123 fulgens,

528 1144 684 1212 Non
719 1142 1160 1211 bras-sicarum
1198 1142 1369 1213 ferre
1405 1139 1657 1235 glorior
1691 1138 1940 1224 cauleS‚

532 1256 841 1337 Betasve‚
880 1266 1163 1346 quantas
1197 1251 1435 1320 hortus
1464 1248 1705 1319 educat
1739 1245 2000 1333 nullus,
2425 1270 2472 1307 ιε

336 1440 513 1515 inquit
530 1440 861 1493 Burmannus
874 1480 891 1508 ‚
920 1439 1014 1495 sed
1030 1452 1203 1496 tamen
1222 1446 1367 1495 adse-

336 1524 503 1573 renda
519 1537 627 1573 non
638 1519 957 1592 ejiciendum
971 1518 1204 1585 videtur,
1220 1520 1365 1593 qnod

337 1610 493 1653 notat
514 1600 654 1653 mala
695 1598 779 1651 vel
808 1616 965 1671 poma
1004 1598 1226 1667 nobilia,
1248 1618 1367 1671 qua

339 1681 650 1743 adserenda,
674 1676 995 1731 vindicanda
1012 1717 1029 1745 ,
1058 1682 1241 1731 mucis
1283 1681 1365 1729 Pi-

338 1760 478 1811 cenis
496 1796 513 1823 ,
532 1756 617 1810 vel
634 1754 879 1809 habenda
896 1774 995 1827 pro
1016 1756 1190 1829 pomis
1222 1756 1365 1809 Pice·

340 1838 427 1891 nis
463 1836 761 1891 videantur.
806 1835 945 1889 Nam
981 1854 1137 1907 poma
1174 1836 1366 1891 Picena

342 1915 633 1968 Veteribus
649 1912 1026 1967 laudatissima.
1052 1916 1185 1968 Hor.
1196 1916 1364 1968 Serm-

344 1994 426 2059 11,
455 2001 505 2061 4,
526 2010 631 2063 70:
666 2018 695 2039 ιι
718 1993 924 2047 Picenis
958 1994 1159 2047 cedunt
1198 1995 1365 2066 pomis

343 2073 589 2127 Tiburtia
638 2090 821 2137 succe,
872 2072 1009 2125 Nam
1060 2072 1191 2127 facie
1229 2092 1363 2145 pra·

346 2164 490 2207 Stant
508 2178 551 2205 ⁸·-

416 2250 472 2301 9.
530 2235 791 2301 Magisque
826 2252 943 2285 cem
982 2236 1177 2285 luteum.
1217 2236 1368 2285 Cerea

336 2330 507 2381 prima
524 2310 797 2382 sepissima
821 2309 1093 2376 dicuntur,
1120 2323 1179 2364 ut
1196 2310 1249 2364 in
1266 2312 1367 2367 Co-

348 2410 437 2462 με,
463 2411 513 2444 v.
538 2391 623 2454 18,
642 2403 694 2445 et
719 2392 857 2444 infra
884 2392 941 2444 in
970 2392 1287 2462 ep.vln,v.
1309 2391 1368 2458 5;

348 2473 545 2522 cereola
576 2470 785 2524 Colum.
810 2469 967 2524 Hort.
996 2477 1121 2534 404.

426 2565 511 2600 ιο.
546 2555 751 2602 Venwes
790 2552 996 2602 lubricos
1036 2564 1331 2604 mot-amnem
1348 2589 1367 2614 ‚

356 2627 397 2682 i.
436 2645 481 2680 e.
524 2628 671 2698 quod
715 2628 891 2682 alvum
935 2627 1159 2680 fluidam
1204 2629 1367 2694 sistit,

351 2715 567 2778 propter
598 2707 973 2760 austeritatem.
1019 2706 1103 2760 Sic
1142 2707 1369 2762 Martial.

354 2783 509 2848 xm,
535 2789 655 2850 116,
684 2785 753 2838 de
780 2786 905 2840 vino
924 2784 1143 2856 Signino
1165 2803 1181 2838 :
1222 2811 1245 2832 α
1266 2787 1367 2839 Po·

354 2861 491 2916 tabis
524 2862 791 2934 liquidnm
844 2863 1067 2933 Signina
1112 2865 1368 2918 morantia

355 2953 593 2996 ventrem
614 2966 659 2996 ι.
689 2943 767 2994 De
784 2941 955 2994 sorbis
972 2941 1208 2996 similiter
1224 2942 1369 2996 Mar·

354 3021 467 3075 tial.
496 3021 653 3086 xm,
672 3024 737 3074 26
764 3039 779 3076 ε
802 3047 827 3067 ι·
844 3021 1005 3075 Sorba
1024 3039 1228 3084 sumus,
1243 3021 1371 3074 mol·

355 3100 433 3154 les
453 3099 675 3152 nimium
696 3100 939 3154 durantis
968 3113 1175 3154 ventres
1196 3125 1239 3154 ι.

437 3196 459 3230 1
472 3197 521 3230 1.
544 3182 795 3248 Proesigne
812 3182 953 3232 rami.
963 3177 1243 3232 Nonnullae
1260 3179 1371 3232 edi-

357 3257 554 3322 tiones,
591 3270 652 3311 ut
688 3258 999 3330 Scioppiana
1042 3271 1093 3312 et
1125 3257 1369 3330 Lugdun.

365 3339 515 3402 1560,
528 3341 812 3406 praepingue
840 3339 1069 3400 habent,
1105 3337 1251 3409 quod
1282 3357 1371 3390 re·

356 3415 543 3486 pudiat
560 3415 737 3470 Heius.
754 3414 999 3470 adovid.
1014 3373 1137 3470 H’er.
1154 3416 1225 3479 V,
1253 3416 1371 3470 125.

436 3500 723 3562 1².Quam
760 3510 951 3546 vocant
984 3499 1291 3548 Avellanam.
1324 3496 1371 3546 E

361 3573 591 3645 vestigiis
624 3575 859 3647 plurium
900 3575 1051 3639 MSS,
1091 3577 1149 3628 in
1182 3575 1375 3648 quihus

362 3671 473 3718 φα
507 3669 723 3706 vocatur
758 3659 873 3706 alva
891 3691 907 3718 ,
945 3657 1069 3706 alna
1103 3654 1185 3706 vel
1216 3659 1375 3707 alana

363 3730 629 3796 scribitur,
655 3733 885 3806 Scaliger
910 3731 1197 3806 legendum
1220 3746 1375 3805 puta·

362 3809 439 3863 vit
472 3831 584 3877 quoe
619 3827 830 3864 vocatur
869 3828 917 3864 ee
941 3817 1114 3874 calva,
1152 3812 1234 3866 vel
1264 3833 1377 3880 qua·

364 3903 579 3940 vocatur
610 3893 826 3943 Albana.
866 3890 1067 3942 Albana
1108 3909 1231 3942 vero
1272 3909 1377 3942 nux

364 3965 657 4021 seeundum
684 3967 895 4023 Glossas
924 3967 1117 4022 Isidori
1148 3979 1225 4023 est
1246 3969 1379 4022 1³1·ae-

365 4044 565 4099 nestina
586 4082 603 4109 ,
628 4065 743 4118 quas
775 4059 829 4100 et
854 4049 1130 4114 Avellana,
1168 4061 1381 4104 auctore

660 4141 825 4206 VII.

1452 1439 1730 1493 Macrobio
1749 1476 1766 1501 ,
1801 1438 1910 1493 Sat.
1941 1439 1998 1491 11
2018 1476 2034 1501 ,
2083 1444 2177 1505 14,
2213 1448 2373 1511 atque
2407 1458 2472 1494 ex

1455 1519 1645 1571 arbore
1688 1528 1792 1582 est,
1839 1534 1956 1589 qum
2005 1514 2201 1569 dicitur
2245 1518 2478 1590 corylos.

1452 1598 1608 1651 Bane
1621 1610 1800 1653 autem
1807 1614 2000 1649 nucem
2020 1595 2190 1649 Greci
2199 1596 2476 1650 Ponticam

1452 1687 1662 1729 vocant.
1685 1678 1763 1729 De
1779 1675 1942 1728 calvis
1968 1686 2020 1727 et
2038 1674 2305 1730 Avellanis
2321 1678 2474 1731 nnci-

1452 1754 1554 1807 bns
1577 1754 1820 1827 pluribus
1842 1755 1951 1825 agit
1975 1754 2196 1809 Salmas.
2223 1754 2292 1809 ad
2310 1756 2472 1811 salin.
2496 1808 2501 1815 ,

1462 1852 1515 1905 p.
1543 1842 1667 1901 424.

1527 1914 1612 1967 13.
1631 1916 1772 1965 Flore
1797 1932 2062 1981 purpureo-
2093 1913 2324 1985 Scaliger
2350 1914 2472 1977 ‹mvi-

1452 1993 1576 2052 ζησιν
1597 1990 1832 2063 agnoscit
1857 1992 1914 2043 in
1948 2011 2222 2059 purpureo,
2257 2003 2317 2045 ut
2352 1997 2476 2047 villo

1451 2072 1721 2139 spectabilis
1757 2089 1907 2121 aureo
1919 2092 1940 2131 ;
1978 2069 2035 2122 id
2063 2084 2240 2124 tamen
2276 2072 2476 2127 durum

1450 2160 1600 2221 putat
1622 2150 1957 2201 Burmannus
1976 2186 1992 2213 ‚
2019 2150 2246 2224 ideoque
2273 2153 2474 2207 mavult

1428 2232 1570 2297 flore
1592 2248 1824 2297 purpura·
1837 2229 2072 2297 fulgens.

1529 2314 1609 2372 14.
1647 2312 1760 2378 N‘?'²
1799 2310 2128 2360 brania-arum
2155 2310 2320 2377 serm.
2341 2310 2474 2366 Dedi

1451 2387 1598 2440 hunc
1621 2405 1832 2442 versum
1861 2405 1922 2439 ex
1954 2387 2322 2444 emendatione
2349 2393 2477 2444 Bur-

1452 2466 1659 2532 manni,
1689 2485 1809 2538 quai
1851 2467 1986 2519 mihi
2021 2469 2264 2536 omnium
2291 2470 2474 2524 facilli-

1452 2564 1570 2612 ma,
1605 2558 1656 2598 et
1698 2547 1913 2600 vetustis
1951 2547 2137 2618 Msptis
2171 2550 2308 2604 bene
2347 2551 2474 2603 insi·

1454 2637 1591 2678 stere
1627 2623 1738 2678 visa
1761 2637 1876 2694 est.
1901 2625 2038 2679 Nam
2081 2625 2138 2678 in
2179 2628 2385 2699 scriptis
2421 2641 2475 2682 et

1454 2702 1610 2756 editis
1660 2702 2088 2772 corruptissimus
2119 2719 2302 2758 exstat.
2347 2707 2472 2778 Ipse

1452 2783 1792 2834 Burmannus
1823 2797 1945 2832 cum
1971 2781 2236 2853 Scaligero
2258 2783 2422 2837 edidit
2452 2805 2467 2838 :

1453 2887 1479 2906 «ι
1489 2860 1614 2912 Non
1623 2857 1863 2911 brassica
1879 2858 1907 2910 s
1901 2877 1992 2911 ero
2001 2860 2234 2930 gulosior
2243 2864 2420 2917 caules
2427 2891 2470 2916 ι..

1452 2939 1538 2994 Sic
1552 2936 1746 3008 pariter
1759 2937 1813 2988 in
1829 2950 2053 3007 utraque
2061 2939 2273 3006 Aldina,
2293 2941 2471 3015 Sciop-

1454 3016 1559 3089 pii,
1575 3016 1813 3087 aliisque.
1839 3017 2072 3071 Vetusta
2101 3019 2302 3074 Vieent.
2325 3022 2470 3078 Brix.

1454 3107 1502 3150 et
1542 3095 1684 3148 Ven.
1721 3095 1986 3148 habebant
2013 3121 2035 3143 ι
2061 3097 2182 3150 Non
2219 3099 2470 3154 brassica-

1455 3194 1574 3228 rum
1604 3174 1716 3228 fero
1740 3175 1976 3245 gulosior
2008 3177 2182 3230 caules
2203 3203 2252 3244 n,
2295 3179 2470 3232 Medi-

1454 3274 1582 3308 oeus
1599 3274 1682 3327 pr.
1707 3253 1819 3307 duo
1836 3253 2036 3306 Heinsii
2049 3267 2134 3318 ,et
2157 3257 2464 3314 Vossianus:
2531 3286 2538 3294 =

1460 3336 1616 3388 «Non
1653 3333 2000 3386 brassicarum
2048 3334 2163 3387 fero
2200 3337 2472 3407 gloriosior

1456 3414 1633 3468 caules
1651 3439 1692 3466 ιο.
1723 3415 1791 3466 ln
1817 3412 1992 3484 primo
2041 3413 2245 3471 Fabric.
2290 3442 2316 3466 ι
2345 3419 2468 3475 Non

1456 3492 1803 3546 brassicas-um
1825 3492 2105 3562 gloriosior
2114 3521 2153 3545 ιο.
2173 3497 2472 3552 Wittianus

1460 3575 1632 3628 «Non
1667 3571 2016 3626 brassioarum
2057 3575 2167 3627 fero
2189 3576 2470 3648 gloriosior

1460 3652 1624 3705 caulae
1645 3676 1688 3702 a.
1717 3651 1781 3702 Iu
1804 3651 1920 3704 aliis
1938 3677 1964 3696 α
1980 3651 2100 3706 Non
2120 3656 2470 3710 brassicarum

1464 3729 1718 3782 ferculum
1736 3729 1881 3801 prius
1907 3731 2125 3796 caulis»,
2150 3734 2297 3805 quod
2316 3736 2473 3790 inter-

1462 3810 1698 3880 polatum
1721 3807 1929 3862 videtur
1941 3811 2260 3866 Burmanno.
2279 3815 2470 3868 Emen-

1462 3888 1699 3942 dationes
1727 3889 1902 3942 varias
1921 3893 1988 3943 ab
2011 3891 2205 3946 eodem
2223 3894 2468 3948 recitatas

1464 3968 1732 4022 brevitatis
1745 3987 1928 4022 caussa
1939 3971 2140 4040 omitto,
2151 3976 2320 4024 cautes
2335 3973 2474 4026 bras·

1467 4045 1586 4100 sicae
1625 4047 1864 4120 inprimis
1900 4049 2222 4104 tribuuntur.
2265 4051 2471 4104 Colum·

2196 4165 2244 4235 9
