2964 4690
902 397 1482 469 ΜΑΧΙΜΙΑΝΙ
1536 403 1961 472 ELEGIAE.

2353 413 2493 509 239

469 519 608 587 Nec
643 516 866 586 minus
901 516 1016 586 illa
1050 543 1196 588 men
1241 543 1549 614 percussa
1593 547 1631 592 a
1670 525 1987 620 cuspide,
2028 529 2317 626 flagrans

563 625 878 712 Errabat,
921 640 1062 698 tota
1103 655 1240 698 non
1285 632 1607 725 capienda
1656 633 1879 706 domo.

465 735 804 822 Stamina,
843 761 1044 830 pensa
1081 739 1316 832 procul
1357 742 1643 814 nimium
1680 744 1920 816 dilecta
1946 749 2301 842 jacebant:

561 843 758 914 solus
793 869 984 914 amor
1015 849 1200 918 cordi
1236 874 1531 944 curaque
1562 879 1825 964 semper
1846 874 2011 928 erat.

465 956 608 1025 Nec
645 957 934 1048 reperire
967 957 1168 1044 viam,
1203 983 1336 1053 qua
1371 984 1615 1032 caecum
1661 982 1960 1059 pasceret
1994 967 2253 1063 ignem,

523 1067 806 1152 Docta,
839 1091 964 1136 nec
997 1065 1268 1141 alternis
1304 1069 1583 1142 reddere
1624 1076 1823 1146 verba
1864 1079 2060 1149 uotis.

365 1259 437 1310 Vi
464 1275 580 1311 mea
607 1259 872 1313 rusticitas
892 1261 1202 1316 excutienda
1230 1265 1384 1317 ruit».

436 1357 490 1408 9.
513 1342 634 1391 ’Non
657 1343 822 1391 minus
843 1339 938 1394 Gr.
965 1341 1032 1396 G
1060 1345 1149 1394 illa
1176 1363 1284 1395 meo
1311 1345 1383 1397 V.

363 1419 458 1472 Gr.
475 1439 714 1488 pet-cussa
746 1439 783 1470 a·
805 1424 1006 1488 cuspide
1034 1423 1096 1473 A.
1135 1421 1196 1474 Β.
1222 1422 1296 1474 Pi.
1316 1425 1385 1478 O.

355 1519 506 1568 percu
509 1519 591 1550 ssa
635 1502 832 1566 cuspide
869 1498 938 1553 G.
971 1521 1212 1569 percussa
1251 1506 1385 1573 eupi-

363 1582 480 1633 dine
499 1583 642 1635 V.R.
661 1581 756 1634 Gr.
777 1581 842 1633 L.
843 1585 1049 1653 flagrat
1062 1583 1384 1654 vel-flagrans

364 1660 433 1711 V.
451 1665 658 1732 stagras
698 1661 793 1715 Gr.
837 1662 1055 1733 Recipio
1100 1663 1380 1719 lectionem

355 1759 589 1806 pereussa
603 1761 637 1792 a
653 1743 868 1810 cuspide,
884 1743 1010 1815 quia
1024 1763 1258 1812 pereussa
1274 1765 1382 1800 ma·

359 1819 442 1890 gis
467 1832 645 1892 aptum
676 1832 751 1874 est
773 1821 1011 1893 cuspidi,
1041 1841 1202 1895 quam
1225 1823 1378 1897 cupi-

361 1897 493 1951 dini.
513 1931 586 1940 -—
601 1905 964 1970 Meapereussa
987 1922 1020 1952 a
1043 1904 1260 1971 cuspide,
1290 1923 1377 1958 ea

359 1975 482 2030 dem
519 1997 624 2048 qua
667 1997 766 2050 ego
800 1991 970 2034 tactus
1012 1999 1128 2034 sum
1166 1981 1377 2036 Amoris

358 2057 538 2128 sagitta
567 2077 839 2132 percussa,
863 2061 976 2132 pari
1003 2061 1198 2114 amoris
1226 2062 1374 2115 furo-

357 2155 415 2189 re
440 2150 700 2211 correpta.
729 2137 1020 2210 vulgatum
1042 2151 1119 2194 est
1143 2142 1372 2212 sagittas,

355 2233 514 2268 arcus
539 2215 747 2270 Amoris
762 2236 862 2289 pro
889 2218 1002 2288 ipso
1027 2237 1206 2272 amore
1227 2220 1372 2292 poni.

355 2293 578 2349 Videtur
611 2306 787 2351 tamen
834 2301 1090 2367 cupidine,
1126 2297 1278 2372 quod
1317 2300 1374 2354 in

353 2374 472 2428 aliis
487 2374 607 2429 edd.
625 2389 722 2441 est,
741 2376 942 2431 firmari
959 2377 1062 2431 hoc
1075 2377 1374 2433 Ovid.Met.

355 2454 506 2521 XIV,
535 2475 600 2524 ²9
632 2476 648 2511 ε
705 2458 1140 2530 -Optantemque
1188 2458 1372 2512 eadem

353 2534 611 2609 parilique
631 2535 875 2608 cupidine
897 2548 1102 2608 captam
1119 2562 1160 2589 a.

429 2631 509 2666 ιο.
531 2620 779 2683 Flagrans
811 2620 1042 2679 Errabat,
1085 2616 1265 2669 furore
1291 2616 1372 2667 in-

351 2711 507 2746 censa
527 2705 577 2747 et
593 2692 855 2767 impotens
878 2694 1040 2747 animi
1060 2694 1372 2765 vagabatur,

353 2784 412 2823 ut
437 2790 596 2844 supra
617 2793 667 2826 v.
699 2774 729 2827 5
757 2791 771 2827 :
809 2798 832 2820 ι
859 2772 1074 2826 demens
1105 2772 1308 2825 ferebar
1323 2798 1368 2825 n.

357 2854 476 2902 Tota
517 2872 616 2903 non
663 2855 908 2921 capienda
952 2855 1124 2915 dome,
1166 2850 1236 2903 ita
1282 2850 1370 2914 ,fit-

349 2948 499 2996 rens,
536 2942 595 2983 ut
632 2943 741 2985 tota
783 2930 944 2985 domo
970 2932 1232 2985 contineri
1258 2950 1368 2983 non

351 3022 556 3080 posset,
578 3010 710 3084 quin
741 3024 884 3063 extra
925 3010 1100 3082 vagari
1135 3024 1368 3082 cuperet.

347 3087 819 3153 Quemadmodum
859 3088 996 3142 Dido
1029 3087 1174 3161 apud
1217 3089 1366 3161 virg.

347 3169 472 3219 AEn.
495 3167 594 3233 IV,
614 3168 746 3222 300:
767 3194 790 3215 ι
815 3166 971 3223 Saevit
999 3170 1152 3238 inops
1179 3168 1366 3235 animi,

347 3256 619 3319 totamque
647 3248 859 3301 incensa
895 3256 992 3321 per
1022 3248 1207 3301 urbem
1233 3247 1364 3301 Bac·

348 3324 540 3378 ebatur
561 3352 602 3378 n.

423 3422 506 3457 11.
538 3406 768 3457 Carmina
794 3409 948 3474 pulsa
980 3409 1158 3474 procul
1192 3406 1256 3457 A.
1301 3404 1360 3457 B.

341 3480 424 3536 Pi.
475 3484 542 3537 Ο.
598 3485 856 3552 Stagme‘na
894 3504 1055 3553 pensa
1101 3482 1196 3537 Gr.
1247 3484 1361 3539 Hoc

344 3560 498 3614 etiam
529 3580 558 3614 e
590 3562 774 3615 codice
800 3562 1018 3635 antiquo
1037 3561 1282 3635 producit
1310 3574 1361 3615 et

345 3640 536 3710 probat
581 3640 779 3694 Vlitius
821 3641 888 3695 ad
945 3642 1155 3696 Nemes.
1220 3642 1358 3717 Cyn.

345 3738 398 3773 v.
420 3737 484 3789 91
514 3757 530 3783 ‚
549 3730 601 3772 et
633 3724 887 3791 «agmina
919 3722 1175 3793 scriptum
1210 3734 1359 3793 putat

343 3816 444 3869 pro
459 3803 696 3863 scamina,
721 3801 848 3853 utin
875 3802 1356 3870 Nemes.subtegm1'-

341 3896 408 3927 ne
426 3896 527 3949 pro
541 3882 824 3942 subtemine,
840 3879 892 3931 in
911 3880 1113 3933 Avieno
1129 3884 1356 3950 ‹iz-agmi-

342 3975 412 4005 ηα
427 3974 522 4025 pro
541 3962 799 4009 examina.
820 3960 1065 4021 Stamina,
1092 3979 1252 4026 pensa
1282 3962 1352 4015 V.

343 4034 402 4085 t..
435 4033 492 4087 P.
529 4034 595 4088 G.
615 4036 738 4091 Haec
758 4037 915 4091 lectio
940 4037 1053 4091 sine
1083 4036 1246 4093 dubio
1275 4058 1356 4093 re·

339 4112 492 4167 ctior.
508 4114 616 4179 Qui
631 4115 768 4168 enim
785 4116 1018 4168 carmina
1041 4116 1182 4188 apud
1200 4116 1356 4188 Aqui-

1475 1257 1667 1313 linam
1646 1264 1870 1337 jacuisse
1879 1263 2055 1318 dicere
2070 1280 2277 1340 poterat
2295 1284 2495 1340 auctor,

1472 1356 1635 1409 quam
1669 1359 1793 1395 mox
1820 1349 1967 1406 v.14
1996 1343 2243 1400 adfirmat
2264 1351 2497 1407 scribere

1471 1436 1581 1472 non
1606 1421 1853 1491 potuisse.
1872 1421 1989 1476 Nisi
2005 1424 2147 1480 forte
2164 1432 2297 1502 ,qui
2316 1436 2493 1485 carmi-

1470 1517 1543 1548 na
1572 1499 1925 1572 scripserunt,
1968 1523 2169 1558 cannen
2202 1525 2235 1560 a
2258 1511 2491 1564 carendo

1469 1575 1679 1644 lanam,
1701 1579 1783 1632 vel
1804 1581 2243 1638 carminationem
2262 1587 2425 1644 lana
2410 1610 2487 1644 m-

1467 1656 1801 1711 tellexerunt.
1830 1659 1969 1714 Hinc
2000 1662 2143 1716 enim
2184 1671 2411 1720 earmina
2435 1682 2489 1723 et

1465 1739 1678 1789 stamina
1706 1737 1759 1789 in
1780 1737 2026 1811 pluribus
2050 1755 2325 1814 poetarum
2354 1735 2487 1801 locis

1465 1815 1723 1868 confundi
1740 1831 1789 1868 et
1802 1819 2091 1889 permutari
2106 1837 2289 1878 monet
2304 1826 2487 1880 Burm.

1463 1895 1683 1948 Authol.
1712 1897 1832 1950 Lat.
1856 1899 1956 1952 vol.
1975 1899 2049 1962 11,
2074 1920 2131 1972 p.
2152 1906 2276 1974 267.
2298 1937 2367 1945 —
2385 1912 2488 1958 Sea·

1462 1976 1622 2041 mina,
1649 1996 1830 2044 pensa,
1850 1979 1987 2044 teloe,
2014 1981 2185 2044 colus,
2210 1995 2333 2036 sunt
2360 2003 2487 2058 ope-

1458 2071 1531 2106 rae
1552 2067 1816 2109 consueta
1834 2057 2150 2128 puellarum,
2168 2079 2302 2132 quas
2324 2061 2475 2118 dese·

1458 2149 1576 2186 rere
1585 2145 1637 2186 et
1646 2135 1909 2207 negligere
1919 2135 2190 2205 dicuntur,
2202 2139 2307 2193 alio
2318 2145 2482 2198 animi

1460 2211 1636 2266 studio
1668 2214 1754 2266 vel
1788 2216 1977 2268 morbo
2000 2215 2241 2289 abreptoe.
2285 2219 2482 2277 Auctor

1459 2291 1597 2345 Ciris
1630 2311 1682 2348 v.
1714 2311 1845 2365 177:
1888 2320 1909 2342 ι
1926 2293 2084 2350 Nulla
2104 2298 2283 2351 colum
2302 2302 2476 2358 novit:

1455 2390 1645 2424 carum
1692 2392 1789 2427 nee
1832 2376 2046 2449 respicit
2084 2392 2309 2431 aurum:
2358 2381 2477 2435 Non

1456 2452 1661 2525 Libyco
1690 2452 1876 2509 molles
1912 2454 2240 2527 plauduntur
2270 2462 2479 2532 pectine

1457 2532 1571 2584 telae
1598 2557 1641 2583 ι.
1672 2533 1827 2587 ovid.
1844 2534 1971 2587 Met.
2000 2534 2103 2599 IV,
2130 2554 2194 2589 xo
2217 2556 2230 2591 ε
2254 2540 2474 2595 «Telos-

1455 2626 1563 2682 que
1576 2648 1591 2673 ‚
1606 2610 1946 2683 calathosque
1964 2654 1979 2679 ,
2003 2612 2301 2689 infectaque
2319 2636 2479 2689 pensa

1454 2702 1719 2760 reponunt
1738 2714 1779 2741 ι.

1533 2770 1614 2822 13.
1637 2772 1750 2820 Non
1768 2772 1979 2837 repetire
1996 2770 2061 2823 R.
2090 2792 2191 2839 qua
2209 2794 2475 2845 σεσωμα-

1454 2866 1591 2899 scere
1614 2851 1774 2916 ignem
1797 2848 1862 2900 G.
1889 2847 2087 2902 vitiose.

1530 2932 1609 2989 14.
1631 2930 1787 2977 Docta
1805 2946 1897 2978 nec
1918 2930 2165 2995 adloquiis
2184 2928 2251 2983 G.
2276 2962 2345 2971 —
2366 2940 2473 2986 Nee

1452 3008 1655 3057 alternis
1674 3008 1878 3057 reddere
1893 3010 2047 3058 verba
2061 3012 2210 3061 noeis.
2224 3011 2285 3061 In
2292 3011 2470 3084 telligo

1453 3083 1521 3139 de
1547 3084 1775 3159 epistolis
1801 3086 1886 3140 vel
1912 3086 2121 3140 tabellis
2146 3101 2329 3143 mutuo
2344 3092 2471 3147 mis-

1451 3164 1521 3218 sis
1540 3203 1557 3228 ‚
1584 3178 1637 3221 et
1658 3184 1969 3239 responsum
2000 3168 2303 3223 ferentibus.
2331 3170 2469 3225 Nam

1450 3262 1580 3297 noue
1616 3259 1889 3318 ponuntur
1936 3266 2036 3318 pro
2085 3248 2245 3301 literis
2264 3286 2279 3313 ,
2320 3262 2375 3303 ut
2409 3251 2467 3304 in

1447 3324 1555 3377 hoc
1593 3324 1803 3391 Ovidii,
1857 3326 1967 3379 Art.
2006 3327 2125 3378 Am.
2172 3326 2279 3389 111,
2322 3334 2465 3399 469:

1450 3430 1476 3451 .-
1496 3404 1677 3459 Verba
1721 3404 1919 3459 vadum
1975 3417 2183 3459 tentent
2232 3408 2467 3482 abiegnis

1449 3485 1641 3557 scripta
1688 3484 1893 3537 tabellis
1926 3506 1939 3537 ε
1993 3485 2231 3557 Accipiat
2284 3490 2469 3543 missas

1449 3575 1571 3635 apta
1595 3562 1833 3615 ministra
1858 3574 2063 3617 notas».
2092 3570 2313 3618 Alter-na,-
2334 3582 2469 3621 notoe

1449 3655 1573 3696 sunt
1624 3642 1847 3695 invicem
1902 3642 2105 3716 scriptae
2162 3658 2213 3697 et
2262 3648 2462 3711 missae,

1444 3719 1891 3794 quemadmodum
1904 3726 2085 3775 alterni
2100 3742 2346 3777 sermones
2366 3726 2467 3779 Ho-

1444 3800 1609 3864 ratio,
1641 3800 1750 3853 Art.
1786 3801 1925 3855 Poet.
1952 3802 2017 3863 81
2040 3843 2056 3867 ,
2093 3814 2215 3854 sunt
2254 3802 2465 3877 dialogi.

1444 3878 1662 3931 Plenius
1700 3879 1970 3951 eloquitur
2009 3879 2167 3934 ovid.
2211 3900 2275 3935 ex
2312 3882 2465 3936 Pont.

1443 3956 1533 4011 lib.
1554 3958 1655 4021 IV,
1680 3958 1843 4029 Epist.
1866 3980 1921 4020 a,
1956 3962 1989 4013 6
2012 3980 2027 4014 ε
2067 3986 2090 4008 α
2115 3962 2335 4014 cessavit
2361 3964 2469 4035 epi-

1444 4036 1577 4091 stola
1622 4054 1893 4109 nunquam
1943 4040 2029 4091 Ire
2080 4058 2173 4111 per
2232 4040 2463 4093 alternas

1443 4117 1683 4170 officiosa
1710 4118 1845 4171 vices
1870 4144 1914 4170 n.
