2964 4690
1064 384 1672 455 AENIGMATA.
2291 378 2421 449 361

786 604 988 671 XIV.
1044 602 1447 672 PULLUS
1497 601 1606 670 IN
1659 601 1872 668 OVO
1899 599 1950 665 *.

409 771 609 837 Mum
655 766 779 835 tibi
813 767 1095 837 referam
1133 782 1375 837 nostrae
1415 766 1782 861 primordia
1821 765 1993 833 vitae.

405 875 723 948 Nondum
764 891 959 947 natus
1000 901 1213 966 eram,
1251 902 1375 947 nec
1408 902 1594 947 eram
1635 892 1777 947 tum
1815 876 2048 944 matris
2089 876 2159 943 in
2205 872 2386 961 alvo3

404 990 553 1057 Jam
588 988 808 1080 posito
849 1001 1048 1082 partu
1093 1003 1327 1058 natum
1364 1012 1472 1057 me
1513 1012 1713 1057 nemo
1749 985 2069 1055 videbat.-

376 1152 404 1177 '
414 1155 575 1203 Pullus
592 1150 708 1203 Per.
722 1151 817 1224 qui
828 1154 879 1203 in
894 1171 982 1205 ονο
994 1152 1206 1205 omittit.
1222 1153 1324 1205 Eo.

388 1248 433 1282 1.
460 1229 640 1297 Refero
653 1229 722 1283 C.

378 1328 427 1360 a.
442 1313 551 1359 Nee
565 1328 703 1360 eram
724 1312 985 1379 genetricis
998 1312 1049 1363 in
1069 1313 1179 1363 alvo
1190 1312 1255 1363 Α.
1272 1320 1324 1363 ‘et

306 1388 373 1439 D.
374 1398 450 1518 Bet
460 1388 665 1440 Basuel.
684 1408 775 1440 nec
797 1408 931 1444 eram
944 1392 1058 1459 jam
1083 1392 1249 1442 mavis
1262 1389 1323 1443 C.

307 1478 359 1517 et

1415 1151 1538 1206 dem
1554 1192 1570 1218 ,
1598 1152 1688 1205 sed
1713 1150 1957 1204 nondum
1985 1148 2040 1201 iu
2066 1148 2238 1201 lucem
2265 1146 2430 1215 edito,

1408 1234 1594 1299 positus
1610 1245 1782 1299 partus
1807 1227 2017 1283 videtur
2029 1246 2142 1281 esse
2160 1224 2431 1292 collectus,

1414 1310 1735 1381 compositus
1771 1320 1824 1361 et
1861 1307 2120 1361 tenuatus
2160 1324 2191 1359 e
2217 1304 2432 1377 genitali

1412 1389 1501 1444 ovi
1527 1388 1741 1443 materia
1764 1426 1781 1449 ,
1806 1384 2260 1460 quemadmodum
2275 1403 2431 1455 pone·

1414 1488 1468 1521 re
1491 1466 1760 1521 interdum
1785 1464 1985 1537 fingere
2007 1476 2059 1518 et
2085 1465 2316 1517 formare
2336 1481 2430 1515 uo-

376 1545 430 1597 3.
461 1550 621 1613 Quum
637 1549 801 1614 posito
818 1561 967 1614 partu
989 1547 1191 1601 Per.—
1208 1554 1324 1599 Iam
1410 1560 1511 1611 tat,
1532 1547 1657 1599 utin
1675 1546 1767 1597 ino
1784 1544 1990 1597 Horatii
2007 1582 2023 1608 ,
2045 1544 2222 1597 Carm.
2251 1542 2350 1603 1v,
2373 1541 2435 1604 8,

299 1626 458 1691 posito
478 1637 644 1690 partu.
668 1631 859 1676 Ponere
869 1641 1070 1693 partum
1097 1627 1153 1679 in
1170 1638 1323 1681 caete·

1412 1628 1478 1679 8:
1523 1650 1546 1673 ι
1569 1626 1674 1678 Hic
1698 1641 1847 1687 saxo,
1875 1621 2096 1695 liquidis
2116 1622 2207 1675 ille
2237 1621 2428 1675 colori·

305 1702 378 1755 ris
404 1702 729 1756 animalibus
749 1716 828 1756 est
858 1705 1092 1775 perferre
1110 1705 1181 1759 ad
1208 1725 1315 1760 ma-
1406 1706 1533 1771 hus,
1549 1704 1724 1759 Solet-s
1750 1722 1894 1756 nunc
1922 1702 2191 1755 hominem
2212 1719 2431 1773 ponere,

306 1781 571 1837 tux-itatem
612 1795 665 1837 et
710 1782 899 1847 edere;
941 1783 1033 1836 hic
1078 1784 1207 1858 quia
1252 1784 1320 1839 de
1406 1802 1553 1837 nunc
1570 1785 1743 1836 Deum
1763 1800 1809 1847 »ς
1826 1794 1877 1835 et
1892 1781 1949 1834 in
1963 1784 2074 1833 Art.
2101 1780 2314 1833 Poet.v.
2337 1779 2425 1843 34:

306 1860 452 1931 pullo
478 1862 534 1914 in
560 1880 666 1915 ovo
690 1880 865 1916 sermo
890 1874 969 1915 est
982 1902 999 1930 ,
1038 1874 1165 1916 nato
1203 1864 1320 1935 qui-

1414 1888 1437 1910 ·
1453 1863 1580 1935 quia
1603 1882 1803 1935 ponere
1827 1873 1998 1915 totum
2026 1860 2225 1913 nesciet
2247 1884 2290 1911 ι.

1058 2186 1219 2253 XV.
1272 2182 1684 2251 VIPERA.

402 2352 569 2422 Nou
604 2377 875 2445 possum
910 2354 1090 2423 nasci
1110 2406 1131 2440 ‚
1174 2353 1229 2421 si
1256 2377 1393 2422 non
1426 2351 1734 2423 occidero
1763 2365 2046 2422 matrem
2075 2377 2092 2421 :

404 2461 643 2531 Occidi
676 2477 990 2552 matrem3
1036 2461 1150 2532 sed
1186 2489 1295 2532 me
1330 2477 1558 2532 manet
1593 2463 1807 2532 exitus
1827 2463 2040 2532 idem.

404 2569 485 2639 ld
522 2596 667 2640 mea
704 2597 884 2642 mors
926 2573 1179 2667 patitur
1201 2626 1220 2654 ‚
1264 2571 1445 2666 quod
1470 2573 1611 2666 jam
1649 2597 1795 2642 mea
1831 2572 1986 2642 fecit
2020 2573 2234 2666 origo.

382 2756 429 2806 μ.
455 2741 571 2791 Non
585 2759 787 2807 possum
825 2743 981 2794 nasei.
1009 2738 1326 2794 Fabulosam

310 2815 648 2870 traditionem
680 2818 929 2872 Veterum
968 2819 1207 2892 sequitur
1236 2837 1327 2872 au-

308 2905 447 2960 ctor,
491 2897 696 2969 viperas
732 2898 1001 2970 perruptis
1036 2899 1325 2950 visceribus

310 2985 363 3026 et
398 2977 571 3028 occisa
604 2987 771 3031 matre
806 2977 969 3030 nasci.
998 2979 1172 3044 Quam
1204 2977 1324 3049 qni·

308 3052 431 3106 dem
472 3054 675 3107 Plinius
692 3095 709 3119 ‚
753 3054 894 3109 Hist.
936 3055 1057 3109 Nat.
1113 3055 1204 3108 lib.
1253 3056 1325 3122 X,

310 3150 355 3184 c.
378 3135 473 3196 62,
491 3132 718 3186 breviter
730 3133 1061 3200 indicat‚sed
1082 3134 1323 3188 Pruden-

311 3211 413 3264 tius
453 3210 744 3266 fabulosius
778 3226 932 3267 ornat
958 3226 1010 3267 et
1035 3213 1325 3286 amplificat

314 3289 596 3362 Hamartig.
614 3311 666 3347 v.
687 3291 785 3346 582
807 3311 955 3365 seqq.
984 3319 1009 3340 «-
1028 3291 1113 3347 sic
1130 3293 1327 3364 vipera,

310 3382 371 3423 ut
405 3370 579 3434 aiunt,
608 3371 869 3426 Dentibus
911 3371 1169 3425 emoritur
1200 3372 1327 3426 susa

311 3467 405 3518 per
418 3449 623 3504 viscera
644 3451 807 3522 prolis
820 3489 837 3516 ,
850 3464 951 3505 etc.
974 3477 999 3498 n

383 3548 431 3580 2.
462 3532 646 3582 Occide
671 3546 880 3583 matrem
907 3532 969 3585 C.
992 3551 1070 3582 me
1108 3535 1201 3583 sed
1221 3551 1327 3582 ma-

312 3621 395 3657 net
420 3608 487 3659 E.
505 3639 577 3647 —-
598 3613 701 3661 Sed
722 3629 799 3662 me
820 3625 988 3662 manet
1004 3613 1168 3663 exieus
1181 3615 1326 3663 idem.

311 3685 397 3738 sic
423 3687 481 3738 in
525 3687 739 3742 Authol.
787 3689 903 3742 Lat.
940 3689 1034 3743 ub.
1082 3690 1202 3758 111,
1239 3709 1328 3762 ep.

1414 2757 1520 2811 que
1542 2751 1777 2812 tempora
1815 2758 2004 2812 poscat
2020 2765 2065 2793 ι.
2107 2739 2265 2794 Ovid.
2305 2739 2429 2791 Met.

1414 2819 1546 2880 XII,
1569 2837 1663 2873 121
1685 2838 1700 2872 :
1733 2819 1900 2874 *sitin
1919 2819 2054 2882 hoc,
2081 2838 2292 2890 precor,
2322 2818 2427 2870 exi·

1414 2909 1498 2952 tus
1533 2898 1676 2952 idem
1700 2923 1750 2952 ι.
1791 2899 2023 2970 Propert.
2068 2897 2151 2951 111
2169 2937 2185 2964 ,
2207 2898 2262 2961 3,
2290 2909 2424 2950 extr.

1411 3003 1437 3022 ιι
1454 2977 1642 3054 Exitus
1669 2977 1756 3031 hic
1781 2977 1898 3031 vitoe
1923 2987 2160 3048 superest
2185 2975 2323 3028 mihi
2346 3001 2390 3052 a..

1484 3057 1532 3110 3.
1558 3063 1692 3109 Hor-s
1708 3060 1902 3128 patitur
1924 3060 1982 3109 id
1999 3075 2110 3108 mea
2127 3057 2262 3125 fecie
2288 3059 2429 3124 origo

1412 3137 1476 3188 A.
1504 3140 1572 3188 Id
1591 3155 1704 3189 mea
1720 3156 1850 3189 mors
1859 3139 2067 3206 patitur,
2095 3139 2234 3204 quod
2246 3151 2430 3187 omnes

1413 3213 1560 3269 editi.
1587 3215 1933 3269 Heumannus
1971 3227 2150 3268 tamen
2178 3231 2276 3287 pro
2309 3212 2428 3266 vul·

1412 3307 1534 3367 gato
1551 3294 1720 3348 edidit
1744 3299 1814 3348 Id
1825 3315 1936 3348 mea
1958 3314 2084 3346 mors
2082 3295 2252 3362 faciet
2261 3314 2283 3353 ,·
2308 3289 2431 3364 quia

1412 3374 1549 3428 illud
1566 3375 1774 3428 nullum
1802 3373 2079 3428 admittere
2090 3371 2428 3425 commodum

1414 3471 1626 3508 sensum
1655 3452 1978 3506 existimavit.
1999 3450 2104 3506 Sed
2120 3451 2334 3524 vulgata
2355 3449 2430 3502 le-

1416 3533 1522 3586 ctio
1549 3551 1658 3585 non
1695 3531 1854 3586 modo
1883 3531 1953 3586 ad
1994 3549 2204 3586 sensum
2231 3529 2429 3590 facilis,

1416 3609 1510 3666 sed
1534 3623 1585 3664 et
1607 3611 1894 3683 elegantior
1920 3622 2140 3684 propter
2156 3609 2436 3680 oppositio-

1417 3709 1540 3742 nem
1558 3697 1641 3744 τοῦ
1648 3695 1840 3760 patinu-
1850 3702 1901 3745 et
1907 3693 2042 3761 fecie
2060 3702 2152 3744 est.
2175 3695 2312 3742 Mors
2323 3708 2434 3740 mea

317 3767 379 3816 61
392 3805 408 3829 ,
431 3765 577 3835 quod
602 3765 705 3838 ipsi
720 3785 882 3838 supra
893 3767 1001 3821 hoc
1028 3781 1173 3821 tomo
1195 3767 1331 3820 inter
1412 3773 1617 3838 patitur,
1637 3771 1671 3822 i.
1691 3789 1736 3824 e.
1749 3789 1844 3842 ego
1860 3770 2084 3823 moriens
2102 3769 2291 3840 patior,
2303 3771 2439 3836 quod

315 3841 492 3896 (ζει-ω.
520 3844 647 3898 min.
686 3844 753 3899 de
786 3849 861 3900 Re
896 3847 1133 3901 hortensi
1176 3846 1328 3900 dedi-

315 3940 433 3974 mus
466 3941 480 3974 :
510 3949 538 3968 a
556 3941 643 3977 me
679 3925 722 3979 si
750 3939 928 3979 manet
954 3927 1123 3980 exitus
1165 3925 1330 3992 idem,

314 4001 417 4054 Hic
436 4040 453 4064 ,
470 4022 685 4074 precor,
714 4007 971 4074 inveniar,
989 4017 1329 4080 consumpta-

1416 3868 1530 3900 mea
1565 3850 1705 3917 on‘go
1726 3851 1853 3917 fecie
1868 3887 1884 3912 ,
1911 3849 1943 3900 i.
1973 3867 2019 3902 e.
2045 3846 2190 3920 quod
2216 3865 2316 3918 ego
2339 3863 2435 3898 na·

1428 3945 1576 3980 :oens
1603 3928 1735 3981 feci:
1771 3947 1856 3982 me
1881 3939 2064 4000 partus
2089 3945 2238 3980 meus
2263 3925 2438 3978 interi-

1430 4018 1538 4059 met
1557 4047 1572 4074 ,
1603 4019 1662 4060 ut
1687 4025 1784 4079 ego
1809 4019 2028 4061 matrem
2056 4025 2241 4060 meam.
2268 4005 2367 4082 En.
