2964 4690
489 363 580 444 44

1229 355 1893 431 COLUMELLA

588 485 674 550 Et
709 504 856 573 quae
899 477 1222 572 frugifero
1259 478 1503 547 seritur
1526 482 1751 556 ⁴vicina
1790 483 2069 576 Priap0‚

589 591 850 661 Excitet
885 604 963 658 ut
999 587 1242 656 Veneri
1279 587 1509 658 tardos
1540 615 1741 660 eruca
1780 592 2076 660 maritos,

587 702 626 770 J
627 725 734 768 am
775 700 976 768 breve
1019 695 1517 792 chaerophylum
1538 755 1557 782 ‚

1594 715 1661 770 et
1696 703 1989 796 torpenti
2023 715 2215 796 grata
2239 699 2463 795 palato
2556 734 2637 761 ιω

586 811 824 905 I-ntyba
842 864 861 897 ,
895 810 1032 903 jam
1075 809 1320 883 teneris
1356 808 1674 882 frondens
1710 811 2036 882 lactucula
2074 812 2296 899 fibris»,

593 919 901 1014 Alliaque
937 917 1236 986 infractis
1275 919 1513 1011 spici8‚
1550 937 1616 990 et
1654 920 1901 992 olentia
1946 921 2075 990 late

492 1160 608 1209 qua·
632 1143 776 1192 Sicca
795 1141 916 1207 legit
945 1140 1132 1192 Getulis
1158 1141 1330 1188 obnata
1349 1141 1529 1206 glebis.

497 1223 620 1274 Haec
655 1231 902 1272 constans
951 1216 1110 1271 codd.
1149 1217 1274 1271 MSS
1311 1229 1365 1270 et
1387 1237 1532 1289 prae-

499 1299 814 1354 nuntiorum
863 1297 1158 1351 editionum
1200 1295 1356 1350 lectio
1369 1335 1384 1361 ,
1427 1313 1530 1348 nec

503 1390 615 1433 erat
635 1420 650 1442 ,
687 1395 799 1432 cur·
826 1375 1098 1429 Gesner-us
1137 1387 1358 1446 propter
1395 1394 1531 1446 quo·

501 1456 750 1512 rumdam
763 1455 1128 1527 antiquiorum
1139 1454 1418 1515 librorum,
1431 1453 1531 1524 qui

501 1539 646 1588 scilla
661 1553 761 1606 pro
780 1536 912 1586 sicca
925 1531 1143 1595 habent,
1158 1532 1526 1595 variationem,

504 1615 574 1668 de
593 1614 744 1668 istius
767 1611 984 1664 veritate
997 1609 1284 1666 dubitaret.
1297 1611 1405 1677 Qui
1419 1610 1533 1664 scil-

502 1701 556 1748 {a
576 1690 875 1744 intulerunt
887 1727 904 1751 ,
921 1689 1131 1760 decepti
1143 1702 1266 1742 sunt
1283 1708 1370 1752 eo,
1384 1688 1532 1759 quod

509 1772 712 1826 ccillam
733 1768 972 1823 viderent
991 1787 1021 1820 a
1045 1767 1242 1830 Plinio,
1256 1768 1387 1822 Hist.
1409 1769 1530 1822 Nat.

507 1851 640 1902 XIX
652 1891 668 1916 ,
685 1858 728 1903 εἰ
748 1851 834 1916 3ο,
847 1848 1229 1902 nobilissimam
1241 1848 1533 1900 bulborum

507 1928 791 2002 adpellari,
819 1930 1040 2000 ejusque
1067 1943 1264 1978 nomen
1292 1926 1448 1980 facile
1467 1943 1533 1978 ex

507 2029 637 2063 voce
657 2011 792 2060 sicca
815 2008 950 2061 elici.
985 2004 1093 2059 Sed
1118 2007 1309 2056 Siccam
1343 2005 1534 2058 urbem

513 2088 704 2142 Africa
744 2084 1140 2159 intelligendam
1187 2102 1298 2136 ease
1314 2120 1331 2147 ,
1368 2084 1537 2136 mani·

514 2169 646 2220 feste
663 2166 996 2221 demonstrat
1009 2163 1168 2217 Ovid.
1189 2162 1224 2216 l.
1240 2181 1286 2216 c.
1305 2162 1400 2235 qui
1419 2163 1535 2216 bul-

510 2251 638 2302 bum
669 2250 859 2313 Libyce's
879 2249 945 2297 ab
961 2247 1058 2297 oris
1081 2247 1276 2296 :nissum
1291 2285 1306 2309 ,
1335 2245 1536 2314 pariter

511 2348 576 2381 ac
603 2325 924 2394 Columella,
959 2343 1084 2379 cum
1109 2322 1378 2397 Megarico
1409 2341 1536 2377 con·

509 2408 708 2481 jungit.

590 2491 706 2542 108.
733 2489 991 2557 frugifero
1013 2488 1188 2538 seritur
1201 2488 1374 2537 vicina
1395 2488 1537 2537 Pria·

505 2590 592 2637 po.
623 2566 852 2620 Hei-bam
887 2582 1060 2619 eruco
1089 2564 1282 2636 Priapo
1307 2564 1537 2618 dicatam

516 2650 675 2701 fuisse
689 2688 704 2713 ,
724 2659 777 2699 et
791 2657 1008 2717 propter
1027 2662 1148 2697 eum
1170 2644 1272 2697 seri
1298 2643 1503 2697 solitam
1519 2686 1535 2711 ,

513 2746 580 2781 ex
599 2726 701 2781 hoc
716 2727 834 2779 loco
847 2724 1182 2796 intelligitur,
1193 2723 1340 2796 quod
1357 2736 1538 2778 tumen

512 2808 581 2861 ab
593 2806 713 2859 aliis
729 2804 1015 2859 memorari
1034 2822 1143 2856 uon
1160 2804 1382 2856 memini
1399 2840 1414 2866 ,
1435 2803 1537 2870 nisi

511 2885 658 2957 quod
671 2904 830 2939 eruca
856 2885 910 2937 in
933 2884 1182 2955 Priapeia,
1199 2902 1363 2937 carm.
1385 2884 1471 2949 52,
1488 2904 1539 2942 v.

519 2986 604 3031 πο,
626 2966 763 3019 inter
781 2964 989 3035 plantas
1011 2974 1158 3033 septo
1185 2964 1297 3034 ejus
1316 2962 1538 3015 conclu·

514 3064 600 3097 sas
625 3044 953 3096 nominatur.
974 3042 1281 3110 Frugisemm
1299 3040 1536 3112 adpella-

515 3136 628 3177 tum
673 3122 922 3194 Priapum
976 3120 1114 3175 hanc
1159 3120 1230 3173 ob
1275 3121 1537 3185 rationem

517 3204 752 3275 Scaliger
777 3201 845 3256 ad
874 3200 1050 3273 Priap.
1075 3204 1162 3267 84,
1183 3213 1334 3272 putat
1352 3240 1368 3265 ,
1391 3201 1539 3273 quod

517 3284 712 3355 Priapo
738 3300 978 3353 quoque,
1015 3292 1074 3333 ut
1103 3282 1316 3347 Cereri,
1333 3300 1535 3335 corona

517 3384 548 3417 e
567 3364 722 3435 spicis
755 3364 1134 3434 imponeretur,
1157 3362 1280 3433 quia
1299 3361 1373 3413 ibi
1394 3362 1537 3415 Pria-

515 3462 614 3515 pus
634 3460 648 3496 ε
681 3466 702 3489 ι
719 3442 860 3493 Vere
882 3460 1002 3494 rosa
1015 3478 1030 3501 ‚
1051 3454 1308 3497 autumno
1325 3442 1502 3513 pomis
1520 3480 1537 3506 ,

513 3534 691 3577 estate
705 3523 1016 3593 frequentor
1031 3520 1198 3593 Spicis
1212 3546 1253 3574 n.
1268 3521 1404 3574 Mihi
1417 3540 1543 3593 pro-

517 3604 638 3673 pior
655 3601 790 3655 ratio
790 3602 1030 3670 frugiferi
1041 3618 1154 3654 esne
1168 3599 1397 3665 videtur,
1413 3600 1543 3671 quia

521 3682 744 3751 Priapus
769 3682 1044 3733 hortorum
1069 3691 1246 3731 custos
1261 3718 1275 3741 ‚
1314 3676 1543 3749 ideoque

525 3762 768 3834 frugibus
800 3760 886 3813 vel
901 3759 1078 3830 pomis
1096 3756 1330 3811 ferendis
1355 3770 1408 3811 et
1436 3776 1547 3811 ser-

521 3840 702 3893 vandis
740 3837 1031 3910 adpositus.
1061 3836 1308 3891 Heinsius
1339 3850 1547 3904 tamen,

523 3930 738 3973 notante
757 3918 938 3969 Burni.
958 3914 1024 3968 ad
1044 3916 1215 3989 Priap.
1233 3920 1320 3987 70,
1333 3936 1432 3989 pro
1433 3919 1551 3985 fm-

523 4002 686 4069 gc'fem
711 3994 935 4067 conjecit
951 3996 1188 4064 falcifera
1211 3995 1294 4049 vel
1309 3998 1553 4065 fittffugv·

613 4099 728 4147 109.
771 4081 960 4129 Tar-dos
989 4097 1136 4129 eruca
1173 4080 1389 4129 marimo.
1417 4076 1556 4128 Eru-

1618 1159 1737 1194 cam
1764 1145 1982 1193 salacem
2007 1139 2138 1194 dicit
2162 1137 2322 1193 Ovid.
2346 1139 2489 1190 Rem.
2514 1155 2638 1205 799,

1618 1232 1671 1274 et
1695 1220 1928 1276 Maniai.
1958 1221 2065 1283 III,
2092 1217 2183 1290 75,
2214 1219 2266 1272 3.
2288 1249 2357 1259 -·
2378 1223 2442 1268 Ec
2462 1235 2637 1267 erucas

1617 1305 1811 1352 salaces
1848 1301 1904 1353 in
1951 1301 2117 1371 epigr.
2139 1299 2285 1370 apud
2324 1295 2488 1350 Anth.
2516 1295 2637 1348 Lat.

1620 1381 1690 1445 V,
1716 1379 1871 1445 52‚v.
1899 1396 1987 1439 ²03
2018 1378 2088 1430 ib.
2113 1396 2198 1449 ep.
2222 1377 2318 1441 482
2344 1403 2369 1422 a
2388 1373 2640 1428 libidino-

1616 1457 1688 1510 sis
1720 1457 1965 1510 incitatus
1990 1456 2161 1510 erucis
2194 1480 2237 1506 ι.
2252 1455 2637 1508 En.—-Auctor

1616 1537 1895 1601 Moretisv·
1914 1535 1981 1588 85
2006 1553 2021 1588 ι
2050 1560 2071 1582 ι
2100 1535 2363 1586 Venerem
2382 1550 2639 1586 revocans

1616 1633 1775 1672 eruca
1810 1625 2105 1668 morantem
2125 1639 2167 1666 a.
2198 1612 2377 1666 Nostri
2418 1614 2639 1665 Wofssen

1617 1695 1749 1762 Senf
1758 1693 1917 1760 (Gall.
1939 1697 2113 1744 seneve
2130 1694 2299 1761 blanc)
2322 1689 2605 1762 adpellant.

1634 1803 1641 1808 ·
1696 1790 1816 1824 no.
1840 1773 2171 1840 Claoeoepolmn
2207 1771 2269 1822 L.
2306 1771 2462 1822 Dem.
2494 1768 2643 1821 Jens.

1618 1855 1922 1919 chempolum
1940 1851 2023 1904 Sa.
2038 1854 2342 1919 cherepolum
2356 1849 2415 1901 B.
2431 1850 2489 1900 R.
2512 1851 2645 1900 ⁶11oe-

1620 1935 1867 2000 rephylum
1896 1932 1943 1984 J.
1968 1933 2017 1984 J.
2048 1931 2117 1983 H.
2143 1931 2202 1983 Α.
2244 1933 2369 2000 Arg.
2389 1929 2503 1981 Riv.
2530 1930 2644 1980 cbe-

1620 2013 1868 2080 repky-'um
1938 2011 2041 2082 Gy.
2105 2012 2384 2080 Cempolum
2448 2007 2645 2079 probat

1620 2091 1842 2144 Salmas.
1868 2089 1994 2164 Hyl.
2024 2089 2141 2142 intr.
2183 2107 2229 2142 c.
2258 2107 2319 2158 17
2336 2107 2417 2159 pr.
2437 2117 2507 2128 -
2526 2092 2643 2138 Iam

1624 2173 1767 2224 breve
1796 2173 2169 2236 clm-rophylum,
2192 2167 2353 2233 Quod
2368 2164 2505 2238 apud
2534 2165 2644 2218 No·

1628 2261 1820 2312 atrum,
1843 2249 1929 2302 lib.
1950 2249 2048 2315 XI,
2065 2249 2121 2311 3,
2157 2253 2219 2312 14
2232 2287 2247 2310 ,
2267 2248 2642 2314 cboerepbyllmn

1624 2327 1889 2392 scribitur,
1916 2340 1969 2382 et
1994 2340 2117 2382 ante
2142 2325 2405 2383 calendas
2432 2323 2652 2379 Martias

1621 2410 1911 2463 Februario
1935 2410 2036 2462 seri
2067 2408 2280 2473 dicitur,
2300 2406 2492 2459 nostris
2510 2408 2648 2454 Κῦν-

1622 2494 1701 2541 bel
1736 2488 1906 2559 (Gall.
1948 2490 2202 2557 cerseuil).
2246 2493 2394 2538 Breve
2434 2483 2651 2549 dicitur,

1620 2570 1745 2641 quia
1777 2568 2060 2621 frondibus
2094 2566 2362 2628 luxuriat,
2396 2582 2505 2617 non
2535 2563 2645 2615 vir·

1624 2650 1799 2720 guito,
1828 2660 1879 2700 et
1904 2666 1933 2700 a
1960 2646 2097 2701 foliis
2124 2644 2518 2699 luxuriantibus
2544 2660 2649 2693 no-

1622 2746 1746 2781 men
1771 2729 1995 2800 accepit.
2031 2758 2099 2769 —-
2136 2722 2444 2779 Notan’dum
2472 2734 2651 2775 tamen

1623 2810 1999 2875 ehaereplayllum
2034 2824 2143 2859 non
2188 2805 2331 2858 idem
2372 2821 2485 2856 esse
2526 2818 2653 2853 cum

1624 2886 1859 2958 gingidio
1876 2927 1891 2949 ,
1916 2886 1990 2939 de
2013 2904 2122 2958 quo
2140 2883 2246 2937 vid.
2264 2895 2380 2935 not.
2408 2889 2522 2943 114.
2542 2880 2651 2932 En.

1700 2984 1817 3019 ιιι.
1850 2970 2013 3016 Iem‘ba
2050 2964 2111 3016 P.
2148 2964 2215 3014 D.
2248 2964 2485 3013 cichorea
2506 2960 2651 3011 Jens.

1626 3046 1895 3098 eieoreaB.
1912 3046 1977 3097 R.
1999 3045 2201 3095 tenebris
2223 3040 2274 3092 J.
2294 3039 2353 3090 B.
2376 3041 2433 3089 R.
2434 3037 2652 3105 frondes

1624 3138 1675 3175 et
1696 3129 1884 3175 laetula
1910 3144 1959 3176 a.
1984 3122 2039 3175 P.
2076 3150 2143 3161 —-
2170 3119 2367 3169 Teneris
2402 3118 2653 3171 lucwcula
2752 3138 2765 3147 ·

1604 3206 1772 3273 fibris.
1791 3202 2013 3255 Pulchra
2028 3201 2142 3271 ejus
2160 3195 2446 3266 descriptio
2464 3194 2522 3247 in
2546 3194 2657 3246 Mo-

1624 3294 1722 3335 ret.
1745 3300 1793 3333 v.
1814 3282 1885 3350 76
1905 3298 1920 3332 :
1944 3304 1967 3326 ι
1992 3278 2263 3346 Grataque
2286 3274 2546 3327 nobilium
2572 3291 2656 3325 re-

1623 3362 1772 3433 quies
1797 3360 2002 3413 lactuca
2044 3356 2285 3409 ciborum
2308 3379 2351 3406 u.
2391 3352 2501 3404 Ubi
2546 3350 2653 3405 vid.

1626 3451 1734 3493 not.
1754 3452 1807 3493 et
1832 3438 1967 3491 infra
2000 3456 2052 3489 v.
2084 3453 2199 3505 179.

1704 3538 1726 3570 ῐ
1740 3537 1819 3573 12.
1839 3520 2067 3585 Abc‘aque
2078 3517 2129 3569 J.
2142 3516 2207 3566 B.
2224 3515 2286 3566 R.
2308 3530 2407 3585 pro
2426 3512 2650 3579 infractis

1626 3600 1786 3652 Genu.
1808 3596 1990 3651 mallet
2010 3593 2551 3664 infmeis.—Alliezque
2578 3592 2655 3640 in·

1615 3680 1801 3749 fractis
1818 3680 1979 3745 spicis.
1998 3676 2162 3729 Salm.
2182 3672 2279 3727 Ex.
2294 3670 2433 3724 Ptin.
2448 3688 2507 3741 p.
2530 3668 2655 3739 715⁸»

1632 3755 1905 3812 contendit
1945 3759 2079 3807 sticis
2112 3768 2225 3807 este
2263 3748 2577 3822 legendum,
2602 3760 2658 3799 et

1632 3854 1731 3911 per
1748 3840 1903 3890 scieas
1928 3833 2169 3905 intelligit
2190 3830 2415 3893 tunicas,
2436 3828 2545 3879 sive
2568 3826 2652 3877 in·

1641 3916 1859 3969 volnera
1876 3916 2003 3983 allii,
2017 3913 2212 3987 quibus
2233 3910 2415 3964 allium
2434 3908 2657 3969 velatur,

1643 4008 1695 4048 et
1712 3995 1904 4071 quibus
1918 3994 2195 4066 separatim
2212 3988 2387 4042 nuclei
2404 3985 2658 4039 velantur.

1646 4075 1899 4129 Salinasio
1936 4071 2159 4126 adsentit
2197 4068 2439 4123 Gravius
2464 4065 2533 4118 ad
2558 4066 2659 4118 lsi-
