2964 4690
1067 433 1660 504 AENIGMATA.

2292 429 2421 518 [ιοί

864 654 1185 743 LXVII.
1239 653 1863 725 SPECULAR*.

397 849 816 920 Pmtsmcmn
849 850 1149 944 penituS,
1194 877 1319 920 nec
1353 851 1623 921 luminis
1656 877 1847 920 arceo
1883 852 2093 939 visus,
2212 935 2223 946 ,

395 959 884 1028 Transmittens
924 960 1153 1030 oculos
1189 961 1364 1032 intra
1399 985 1549 1030 mea
1586 959 1886 1030 membra
1920 978 2261 1056 meantes:

395 1071 540 1141 Nec
581 1095 688 1152 me
725 1070 964 1140 transit
1005 1069 1252 1170 hicum,
1277 1069 1394 1140 sed
1426 1069 1527 1140 sol
1570 1085 1787 1140 tamen
1827 1071 2066 1140 emicat
2099 1073 2167 1140 in
2206 1098 2357 1142 me..

365 1274 390 1300 *
413 1279 490 1326 De
506 1279 666 1328 vitreo
678 1281 906 1344 specular
921 1271 984 1328 Ass
1002 1261 1184 1330 'Vim
1195 1278 1312 1331 Per.

293 1353 488 1407 Reusn.
524 1357 738 1406 Vin-eum
757 1355 876 1409 Per.
899 1373 1002 1409 sec.
1017 1355 1316 1422 Salmasius,

293 1431 670 1486 ExercitAElin.
693 1450 747 1503 p.
779 1435 968 1500 184,a.
985 1433 1202 1486 titulum
1218 1433 1316 1486 hu·

283 1511 374 1581 jus
401 1509 693 1582 anigmatis
722 1511 778 1563 in
804 1511 1022 1565 vetustis
1044 1512 1311 1565 membra·

289 1588 374 1642 nis
389 1589 461 1643 ita
480 1589 582 1661 legi
600 1588 757 1644 docet
790 1607 806 1642 ε
834 1594 1047 1642 Vin-eum
1065 1594 1312 1659 specular,

287 1680 344 1721 et
365 1687 484 1741 pag.
505 1688 625 1740 771,
651 1689 702 1722 a.
721 1669 930 1723 divisim
955 1682 1010 1723 et
1027 1673 1316 1738 συνωνύμως

288 1747 691 1821 intelligendum
711 1748 861 1813 dicit,
895 1751 1096 1800 Vin-ium
1110 1788 1126 1816 ‚
1141 1755 1318 1818 Specta·

287 1832 388 1880 Iar.
407 1830 610 1880 rur-ium
625 1847 736 1882 esse
758 1847 791 1882 a
809 1832 1050 1895 videndo,
1064 1839 1126 1882 ut
1143 1847 1316 1897 specu-

287 1910 412 1960 lara
423 1910 705 1976 specae‘endo,
722 1919 773 1960 et
790 1908 1006 1963 vitrium
1023 1906 1164 1961 idem
1179 1923 1312 1969 esse,

286 1986 436 2060 quod
451 1989 717 2060 specular,
729 1987 848 2059 quia
864 1987 1157 2060 specularia
1170 1986 1312 2058 apud

285 2065 508 2121 Veteres
537 2085 604 2121 ex
639 2067 774 2122 vitro
794 2068 1020 2141 pariter,
1045 2085 1109 2120 ac
1135 2065 1312 2139 lapide

285 2146 502 2200 flebant.
535 2177 606 2188 -·
633 2148 868 2216 Speculat-
889 2157 969 2200 est
995 2143 1197 2217 quadra
1232 2145 1310 2198 la·

283 2225 422 2299 pidia
461 2225 752 2298 specularis
783 2227 838 2278 in
881 2237 1066 2279 tenues
1105 2235 1309 2278 crustas

287 2305 445 2373 secti,
461 2323 623 2378 quam
662 2304 902 2361 fenestris
923 2304 1170 2359 insertam
1207 2321 1314 2357 coe·

283 2384 588 2439 nationibus
604 2424 622 2453 ,
670 2384 956 2453 cubiculis,
1009 2382 1210 2438 lecticis
1257 2395 1310 2436 et

283 2464 536 2537 pomariis
549 2464 828 2518 hortorum
843 2506 860 2532 ,
884 2476 1000 2518 tum
1019 2465 1138 2517 luce
1163 2474 1214 2516 et
1225 2480 1310 2516 ca-

282 2543 396 2597 lore
407 2544 532 2598 solis
543 2542 930 2616 perfundendis
943 2585 960 2610 ,
970 2556 1086 2597 tum
1098 2543 1166 2596 ab
1185 2560 1308 2597 aere

281 2636 336 2677 et
361 2623 542 2679 hieme
565 2623 933 2686 defendendis,
963 2622 1305 2677 adhibebant.

281 2704 364 2756 De
389 2702 573 2775 lapide
593 2704 854 2779 speculari
873 2704 1004 2757 Pliu.
1040 2704 1305 2771 xxxv1,

283 2802 372 2837 ιι.
391 2784 566 2839 Usum
589 2785 950 2859 specularium
965 2824 981 2852 ,
993 2802 1153 2857 quem
1165 2782 1305 2851 dixi,

279 2882 576 2935 cognoscas
619 2885 686 2920 ex
727 2864 922 2919 Seneca
944 2903 960 2930 ,
1006 2865 1174 2936 Epist.
1213 2868 1302 2930 86,

277 2958 330 3013 p.
357 2944 484 3015 367,
514 2943 600 2997 ed.
640 2945 812 2998 Gron.
841 2946 990 3017 cujus
1016 2943 1106 2997 hic
1134 2945 1300 2997 verba

278 3022 502 3076 adfero:
533 3049 556 3070 ι
575 3025 799 3090 Quantae
837 3042 978 3077 nunc
1015 3024 1176 3094 aliqui
1213 3044 1300 3076 ru·

277 3102 520 3155 sticitatis
541 3100 792 3156 damnant
806 3102 1132 3173 Scipionem,
1152 3104 1300 3174 quod

275 3200 384 3235 non
421 3182 480 3235 in
515 3182 804 3235 caldarium
837 3200 994 3235 suum
1019 3182 1135 3235 latis
1175 3200 1299 3254 spe·

277 3261 548 3315 cularibus
594 3262 735 3315 diem
779 3261 1059 3315 admiserat
1087 3260 1100 3313 Ξ
1154 3261 1300 3333 qnod

274 3359 384 3394 non
421 3340 478 3392 in
521 3339 687 3393 multa
723 3340 844 3393 luce
879 3340 1296 3412 decoquebatur,

273 3432 374 3475 etc.
399 3446 424 3468 ι
469 3418 626 3473 Idem
645 3456 662 3481 ,
699 3419 825 3472 Nat.
865 3430 1051 3491 quaest.
1081 3418 1182 3481 tv,
1208 3418 1298 3479 13,

273 3518 324 3569 p.
343 3504 446 3570 762
467 3518 482 3553 :
511 3525 533 3546 ι
560 3498 820 3564 Quamvis
843 3496 1183 3551 coenationem
1208 3515 1299 3550 ve·

273 3579 338 3631 lis
362 3598 426 3633 ac
451 3577 816 3651 specularibus
837 3579 1100 3642 muniant,
1119 3588 1168 3629 et
1181 3577 1300 3647 igne

273 3661 442 3714 multo
461 3659 686 3714 doment
700 3656 948 3723 hiemem,
962 3655 1301 3710 nihilominus

1402 1277 1707 1331 stomachus
1749 1277 1841 1330 ille
1884 1277 2088 1330 solutus
2110 1313 2211 1338 ,...
2240 1277 2427 1348 quoerit

1401 1357 1603 1428 aliquid
1620 1376 1728 1428 quo
1742 1358 1975 1427 erigatur
1986 1381 2029 1408 n.
2045 1356 2173 1409 vid.
2194 1357 2424 1410 Martial.

1400 1436 1555 1502 VIII,
1578 1441 1675 1500 14;
1699 1434 1939 1488 Juvenal.
1958 1433 2064 1487 Sat.
2084 1435 2187 1498 IV,
2212 1455 2295 1488 υ.
2314 1437 2419 1490 En.

1475 1533 1521 1567 1.
1555 1516 1823 1581 &rspice'or
1843 1511 2029 1564 ermetis
2053 1512 2165 1566 Per.

1479 1613 1526 1646 2.
1568 1595 1919 1644 Tmnsmietens
1971 1596 2153 1644 oculos.
2188 1585 2421 1656 Ἐρινεοῦ,

1403 1673 1569 1743 Epist.
1594 1688 1689 1739 90,
1716 1689 1839 1743 pag.
1864 1677 1993 1739 409,
2018 1671 2185 1724 Gron.
2210 1697 2237 1717 κ
2264 1675 2423 1740 Quae-

1403 1751 1530 1805 dam
1566 1761 1744 1802 nostra
1783 1749 2000 1802 demum
2035 1750 2290 1822 prodiisse
2318 1771 2425 1805 me-

1402 1831 1570 1884 moria
1614 1829 1805 1882 scimus
1823 1869 1840 1896 ,
1900 1842 1961 1882 ut
2008 1831 2423 1901 speculariorum

1401 1927 1562 1963 usum
1589 1949 1604 1974 ,
1660 1909 1967 1980 perlucente
2022 1920 2153 1962 testa
2215 1910 2422 1964 clarum

1400 1987 1867 2042 transmittentium
1895 1986 2078 2040 lumen
2102 2015 2147 2041 a.
2180 1989 2420 2045 Lactant.

1399 2066 1468 2120 de
1485 2067 1618 2140 opis.
1641 2086 1688 2121 c.
1713 2067 1781 2120 8:
1802 2092 1828 2112 κ
1843 2067 1992 2120 Mens
2018 2084 2115 2138 per
2128 2068 2315 2122 oculos
2338 2090 2417 2135 ea,

1399 2166 1517 2220 qum
1539 2160 1665 2202 sunt
1687 2145 1953 2220 opposita,
1970 2147 2245 2216 transpicit
2268 2149 2419 2220 quasi

1399 2245 1494 2298 per
1514 2227 1793 2291 fenestras,
1808 2227 2112 2296 perlucente
2130 2227 2301 2291 vitro,
2326 2240 2421 2282 aut

1397 2306 1658 2379 speculari
1680 2305 1855 2379 lapide
1878 2305 2136 2360 obductas
2156 2331 2198 2361 n.
2210 2339 2279 2349 —
2296 2314 2418 2361 Ocu-

1397 2388 1470 2438 los
1513 2390 1643 2438 iuva
1679 2406 1791 2439 mea
1816 2388 2031 2438 membra
2077 2403 2311 2441 meantes.
2351 2389 2417 2442 Id

1395 2476 1496 2528 est,
1512 2464 1723 2531 oculos,
1741 2464 1834 2537 qui
1846 2465 1983 2517 intra
2009 2465 2143 2519 illud
2160 2468 2411 2540 spatium,

1395 2541 1543 2616 quod
1564 2554 1740 2615 partes
1774 2542 1968 2614 lapidis
2003 2546 2289 2615 specularis
2319 2548 2415 2600 im-

1394 2623 1573 2696 plent,
1596 2634 1871 2675 versantur
1892 2641 1905 2675 ε
1934 2627 2147 2675 membra
2172 2626 2411 2697 specula-

1394 2702 1468 2755 ris
1494 2700 1751 2755 dicuntur
1788 2710 1963 2773 partes
1990 2703 2133 2773 ejus,
2159 2704 2243 2757 vel
2270 2716 2414 2758 testo

1391 2782 1569 2855 plures
1591 2782 1647 2833 in
1674 2778 1911 2833 fenestris
1925 2781 2261 2852 compositae:
2286 2788 2418 2836 oculi

1389 2875 1633 2923 meantes,
1654 2859 1751 2931 qui
1779 2872 2078 2926 versantur,
2096 2870 2409 2915 convertun-

1386 2952 1503 3007 tur,
1542 2950 1601 2993 ut
1638 2938 1826 3012 sapius
1850 2954 2072 2991 errantes
2092 2982 2105 3007 ‚
2135 2956 2301 2994 euntes
2330 2942 2409 2996 di-

1386 3032 1599 3075 cuntur.

1459 3100 1511 3153 3.
1540 3104 1647 3153 Nec
1680 3120 1757 3153 me
1778 3104 1954 3153 nonsit
1976 3104 2143 3153 hiems.
2176 3101 2405 3155 Martial.

1387 3180 1545 3241 VIII,
1574 3188 1657 3246 14,
1676 3186 1709 3245 4
1737 3198 1751 3232 :
1773 3207 1798 3226 ιι
1816 3181 2064 3233 Hibernis
2080 3182 2287 3253 objecta
2302 3182 2407 3234 No-

1388 3260 1454 3314 tis
1468 3260 1758 3333 specularia
1776 3280 1937 3334 puros
1948 3260 2243 3315 Admittunt
2254 3262 2409 3328 soles,

1387 3352 1440 3393 et
1463 3341 1577 3393 sine
1603 3340 1729 3393 faece
1756 3340 1899 3393 diem
1915 3366 1957 3391 a.
1984 3340 2209 3411 Plinius,
2234 3341 2401 3413 Epist.

1389 3420 1464 3483 11,
1491 3438 1571 3490 17,
1596 3424 1649 3482 4,
1670 3418 1855 3473 laudat
1871 3446 1896 3465 o·
1914 3438 2089 3472 aream
2106 3422 2404 3491 parvulam,

1387 3498 1676 3570 porticibus
1694 3498 1981 3561 inclusam,
2012 3500 2280 3571 egregium
2312 3502 2401 3555 ad-

1386 3595 1569 3630 versus
1610 3588 1941 3648 tempestates
1976 3580 2403 3649 receptaculum,

1387 3656 1513 3728 quia
1540 3654 1899 3729 specularibus
1924 3657 2193 3709 muniatur
2215 3685 2259 3711 n.

912 3898 1775 3936 w

524 4180 691 4247 VII.

2028 4171 2119 4239 26
