2964 4690
522 399 612 469 28

1266 402 1890 470 COLUMELLA

614 523 702 588 Et
742 534 844 604 te,
887 518 1128 614 magna
1167 519 1386 607 PaleS,
1425 549 1547 592 nec
1582 548 1717 591 non
1760 522 2039 592 caelestia
2085 521 2317 604 mella,

613 627 934 722 Virgilius
975 630 1364 724 nobis·post
1405 657 1474 701 se
1514 633 1943 702 memoranda
1984 631 2271 724 reliquit.

709 739 1050 835 Principio
1080 741 1302 810 sedem
1334 767 1692 814 numeroso
1726 743 2018 837 praebeat
2045 743 2245 811 horto

611 848 889 944 Pinguis
923 875 1105 946 ager,
1132 867 1363 946 putres
1399 851 1623 949 glebas
1660 851 2079 947 resolutaque
2119 866 2303 946 terga

613 960 752 1050 Qui
790 962 995 1054 gerit,
1031 976 1096 1029 et
1133 961 1344 1032 fossus
1380 962 1657 1058 graciles
1698 963 1999 1033 imitatur
2029 985 2284 1031 arenas.

613 1073 832 1165 Atque
867 1070 1106 1142 habilis
1136 1087 1374 1143 natura
1410 1072 1570 1159 soli,
1604 1098 1753 1169 quae
1790 1075 2091 1169 gramine
2128 1070 2278 1140 laeto

613 1183 940 1269 Parturit,
981 1197 1051 1251 et
1085 1182 1319 1253 rutilas
1357 1183 1537 1253 ebuli
1574 1199 1752 1254 croet
1784 1182 1984 1254 uvida
2020 1183 2276 1250 baccas,

613 1293 787 1361 Nam
828 1316 1045 1386 neque
1075 1293 1247 1363 sicca
1286 1293 1535 1388 placet,
1571 1317 1695 1363 nec
1728 1317 1877 1387 quae
1917 1304 2220 1385 stagnata
2262 1285 2500 1381 palude

589 1471 639 1527 4.
657 1468 863 1517 Celes-tia
877 1466 929 1518 J.
950 1467 1011 1519 B.
1026 1468 1085 1520 R.
1105 1468 1158 1521 J.
1172 1469 1222 1520 J.
1235 1471 1451 1522 calestia
1467 1469 1534 1520 H.

515 1544 580 1596 A.
588 1543 681 1596 Gr.
694 1542 759 1596 G.
775 1545 925 1598 Dem.
943 1545 1355 1600 slim—Gerlach
1367 1551 1534 1600 meua.

517 1621 834 1694 Simpliciter
857 1627 1070 1676 caeleseia
1083 1623 1216 1678 dicit
1225 1626 1378 1679 mella
1392 1645 1536 1697 ,quw

520 1700 774 1772 Virgilius
786 1701 1322 1776 explicatius‚Georg.
1343 1706 1450 1767 lv,
1476 1724 1499 1757 1
1519 1725 1532 1757 :

523 1805 548 1826 c
566 1778 696 1833 aerii
712 1779 880 1834 mellis
897 1781 1122 1834 colestia
1137 1782 1281 1835 dona
1297 1807 1337 1834 ι.
1353 1783 1537 1854 Itaque

521 1861 739 1912 eoelescia
776 1864 912 1912 dona
947 1859 1038 1913 ille
1061 1859 1432 1932 interpretatus
1457 1861 1536 1913 vi-

523 1937 702 2006 detur,
735 1957 855 2010 qua
893 1937 1007 1992 coli
1041 1939 1120 1992 vel
1169 1939 1304 1993 aeris
1342 1957 1538 1992 munus

524 2031 646 2071 sunt
664 2055 680 2080 ,
721 2016 1173 2090 quemadmodum
1214 2016 1410 2089 pluviae
1455 2015 1537 2070 di·

522 2109 716 2151 cuutur
733 2103 947 2150 calesces
964 2117 1128 2171 qquoe.
1149 2095 1406 2150 Caussam
1423 2097 1537 2168 ejus

523 2173 890 2246 adpellationis
907 2177 1110 2250 profert
1128 2176 1328 2230 Seneca
1340 2216 1357 2244 ,
1373 2175 1535 2246 Epist.

520 2271 746 2309 mxxxiv:
773 2254 966 2326 «Apud
983 2254 1144 2308 Indos
1163 2254 1266 2308 mel
1288 2254 1537 2318 inveniri,

613 2374 625 2386 .
643 2370 655 2384 .
677 2332 822 2406 quod
852 2352 940 2387 ros
980 2333 1122 2389 illius
1155 2333 1264 2387 omli
1303 2333 1470 2407 giguit
1494 2360 1535 2385 a.

521 2413 700 2465 Latius
720 2413 826 2465 hoc
847 2411 1064 2466 deducit
1085 2412 1221 2465 Plin.
1247 2412 1385 2467 Hiat.
1413 2412 1535 2465 Nat.

520 2492 609 2545 lib.
639 2493 745 2555 XI,
787 2510 833 2545 c.
861 2510 1016 2557 12‚s.
1051 2512 1135 2546 η.

595 2567 647 2617 6.
675 2568 940 2615 Nummum
958 2565 1042 2617 vir
1059 2562 1202 2617 doct.
1223 2562 1280 2615 in
1312 2562 1398 2616 ed.
1417 2562 1538 2616 Ald.

521 2648 861 2695 —Numemso
886 2647 1025 2695 horto
1039 2683 1056 2705 ,
1086 2643 1178 2715 qui
1205 2642 1412 2714 amplus
1439 2643 1507 2694 sit
1521 2682 1537 2707 ‚

523 2723 795 2795 multiplex
833 2724 971 2777 areis
1003 2736 1058 2777 et
1094 2721 1398 2795 plantariis,
1416 2722 1537 2793 plu·

522 2801 661 2856 rium
690 2820 940 2875 generum
969 2801 1152 2855 herbis
1176 2813 1229 2854 et
1257 2800 1538 2853 arboribus

522 2880 774 2935 consitus.
827 2881 1102 2952 Explicavi
1147 2880 1275 2933 olim
1321 2877 1389 2932 ad
1433 2878 1537 2934 sal.

524 2960 668 3015 Bassi
693 2979 855 3015 carm.
884 2961 942 3013 in
969 2960 1070 3014 Pis.
1093 2978 1144 3015 v.
1177 2960 1293 3013 125.

597 3059 646 3111 7.
675 3045 841 3093 Gleboe
866 3039 953 3094 Sa.
979 3044 1288 3107 resolutaque
1314 3054 1445 3090 cerm
1473 3038 1536 3091 P.

523 3118 611 3170 Sa.
643 3118 1196 3188 Dem.—-Res011aaque
1221 3132 1359 3187 teugo
1374 3158 1391 3184 ‚
1411 3118 1541 3169 mol·

525 3194 624 3263 lia,
642 3195 759 3249 laxa
778 3238 794 3263 ,
813 3210 995 3253 tenera
1008 3239 1025 3266 ‚
1045 3196 1334 3269 Virgilium
1353 3196 1538 3259 verbo,

523 3274 721 3348 Georg.
757 3278 784 3328 1
802 3314 817 3339 ‚
837 3284 935 3342 44:
963 3304 990 3325 α
1009 3276 1252 3350 Zephyro
1283 3276 1452 3349 putris
1484 3294 1539 3329 se

525 3354 680 3425 gleba
709 3355 928 3410 resolvit
941 3382 981 3409 a.
1019 3358 1088 3410 Et
1125 3356 1316 3410 Noster
1357 3355 1499 3408 infra
1521 3392 1537 3418 ,

525 3452 577 3487 v.
602 3452 702 3503 90:
727 3458 749 3481 ι
769 3434 946 3489 Putria
971 3436 1166 3489 maturi
1185 3435 1456 3489 solvantur
1478 3448 1541 3487 ut

525 3512 694 3565 ubera
737 3512 913 3586 campi
929 3539 972 3566 n.
1005 3545 1070 3555 -
1103 3514 1178 3566 Ut
1191 3530 1360 3583 putres
1379 3518 1539 3582 3105ae

525 3592 601 3645 sic
613 3602 666 3643 et
677 3592 832 3659 putris
845 3610 1003 3643 arena
1019 3591 1211 3646 dicitur
1225 3593 1280 3645 iu
1293 3592 1535 3665 Epitaph.

527 3670 834 3738 Alexandri,
855 3670 1014 3724 Anth-
1033 3672 1090 3723 11
1106 3712 1122 3736 ‚
1147 3675 1236 3724 16:
1263 3698 1288 3717 ιι
1303 3672 1539 3725 Abscon-

525 3750 606 3805 dit
641 3764 844 3805 tantum
879 3750 1046 3823 putris
1087 3770 1250 3804 arena
1287 3752 1502 3805 virum»
1522 3790 1537 3815 ‚

525 3830 616 3883 ubi
643 3830 780 3883 male
804 3830 1020 3902 quidam
1049 3830 1230 3901 legunt
1264 3836 1412 3899 turpis
1429 3854 1450 3893 ‚·
1486 3841 1538 3883 et

527 3910 635 3965 vid.
652 3909 813 3963 Anth.
839 3910 952 3975 111,
971 3929 1054 3982 ep.
1073 3910 1140 3963 65
1159 3948 1174 3971 ‚
1203 3930 1251 3964 v.
1283 3932 1326 3963 2.
1349 3912 1447 3964 En.
1467 3944 1535 3951 -—

533 3996 688 4059 Terga
713 3989 780 4043 de
801 3990 944 4043 omui
961 3990 1238 4063 superficie
1259 4002 1312 4043 et
1330 4008 1535 4044 summo

525 4070 718 4141 cespite
769 4070 880 4142 agri
934 4071 1085 4124 Maro
1136 4082 1372 4143 usurpat.
1413 4070 1538 4123 vid.

527 4149 722 4221 Georg.
755 4150 814 4215 1,
843 4170 941 4223 973
971 4152 1050 4219 11,
1095 4151 1213 4219 237.
1247 4150 1347 4203 Alii
1377 4164 1541 4221 poetae

1621 1467 1933 1522 Graecorum
1950 1484 2098 1520 more
2110 1465 2269 1518 etiam
2286 1463 2355 1517 de
2374 1460 2527 1526 mari,
2546 1459 2648 1514 flu-

1624 1547 1725 1600 viis
1743 1587 1760 1612 ‚
1788 1545 2056 1598 montibus
2090 1555 2145 1596 et
2174 1541 2391 1596 tumulis
2408 1579 2424 1604 ,
2454 1541 2647 1611 proci-

1622 1643 1730 1698 pue
1752 1626 1989 1678 Avienus
2012 1624 2068 1675 in
2098 1623 2277 1674 Descr.
2308 1621 2439 1673 orb.
2466 1630 2518 1672 et
2544 1619 2643 1672 Or.

1628 1722 1755 1757 mar.
1783 1706 1933 1776 cujus
1960 1703 2073 1783 loca
2101 1699 2333 1754 indicavi
2356 1699 2411 1751 in
2436 1696 2643 1751 Indice.

1695 1804 1745 1850 9.
1791 1786 1894 1835 Soli
1932 1796 2031 1842 est,
2076 1799 2189 1848 quoe
2230 1782 2459 1849 grunnisse
2503 1778 2645 1848 conj.

1624 1861 1708 1914 vir
1731 1859 1872 1915 doct.
1922 1860 2026 1912 Pro
2052 1880 2163 1927 quoe
2188 1859 2339 1912 Dem.
2366 1857 2524 1911 habet
2556 1849 2628 1924 ξ,

1622 1952 1742 2010 post
1770 1959 1803 2006 q
1830 1937 1997 1994 deleta
2028 1957 2132 1992 uua
2158 1937 2339 2005 litera,
2360 1934 2503 1990 unde
2529 1955 2629 2003 qua

1623 2019 1905 2090 significari
1925 2030 2081 2091 puto:
2096 2020 2332 2086 gramina
2355 2020 2468 2068 loeea
2500 2015 2640 2085 conj.

1624 2099 1850 2152 Ursinus
1873 2115 1888 2149 ε
1914 2101 2040 2150 Ieeeo
2065 2094 2272 2149 mavult
2296 2095 2479 2148 Barth.
2502 2093 2642 2145 Λᾶν.

1622 2179 1651 2230 1
1666 2216 1681 2241 ,
1708 2196 1736 2230 a
1759 2214 1776 2241 ,
1802 2177 1924 2248 quia
1952 2192 2062 2228 non
2083 2172 2151 2227 de
2170 2173 2363 2245 quovis
2381 2172 2647 2244 loquitur,

1626 2256 1717 2310 sed
1762 2252 1985 2320 electili,
2010 2264 2068 2306 ut
2106 2263 2280 2323 patet,
2318 2269 2484 2322 quum
2525 2267 2649 2302 mox

1625 2335 1843 2390 ebulum
1870 2332 2130 2387 nominat.

1700 2434 1778 2467 10.
1796 2418 1977 2465 Ebulus
2000 2427 2139 2465 creat
2160 2412 2361 2463 bremide
2387 2410 2451 2463 L.
2477 2412 2650 2460 ebulus

1622 2498 1837 2567 quoquc
1871 2490 1991 2545 cod.
2026 2492 2181 2544 Dem.
2224 2488 2386 2542 habet
2414 2488 2469 2539 in
2502 2506 2649 2539 mar-

1623 2571 1745 2643 gine
1760 2610 1777 2637 ,
1802 2589 1831 2624 a
1858 2590 2021 2625 mauu
2040 2572 2241 2643 prima,
2256 2565 2499 2640 quamvis
2519 2570 2654 2619 ebuli

1624 2651 1678 2703 iu
1720 2662 1973 2705 contextu
2010 2660 2205 2704 exstet:
2234 2649 2447 2699 bacchas
2480 2646 2539 2697 Β.
2577 2646 2648 2697 R.

1621 2734 1804 2783 baccas
1839 2732 1900 2783 L.
1938 2728 2045 2803 Gy.
2086 2729 2173 2784 Sa.
2202 2728 2270 2781 D.
2290 2730 2443 2777 -Et
2474 2728 2647 2777 rutilas

1625 2814 1751 2863 ebuli
1802 2826 1941 2861 creat
1986 2812 2134 2861 uvida
2186 2810 2385 2858 baccas.
2433 2803 2645 2875 Virgilii

1626 2901 1704 2943 est
1740 2890 1854 2943 Ecl.
1879 2888 1931 2940 X
1952 2927 1969 2954 ‚
2001 2906 2065 2959 ²7
2086 2909 2098 2939 :
2124 2913 2147 2934 ι
2164 2882 2475 2957 Sanguineis
2504 2881 2651 2935 ebuli

1624 2968 1798 3022 baccis
1838 2967 2108 3039 minioque
2146 2964 2485 3017 rubentem».
2508 2960 2649 3013 Ebu-

1624 3049 1708 3100 lus
1734 3047 1883 3098 limi.
1904 3044 2200 3099 sambucus
2220 3042 2432 3101 ebulus,
2447 3043 2613 3092 Attielt
2628 3077 2644 3102 ‚

1625 3128 2063 3177 Krauaehouunder.
2114 3122 2317 3175 Ebulus
2360 3130 2537 3173 autem
2580 3136 2647 3171 cx

1624 3204 1807 3257 multis
1840 3201 1955 3256 aliis
1991 3200 2270 3255 fruticibus
2292 3197 2381 3251 hic
2404 3196 2648 3251 nomina·

1625 3296 1730 3349 tur,
1753 3281 1874 3354 quia
1902 3280 1993 3335 ille
2020 3278 2167 3334 uvidi
2197 3276 2520 3351 secundique
2546 3276 2646 3329 soli

1626 3359 1887 3413 iudicium
1916 3369 2013 3412 est.

1705 3458 1726 3492 ι
1739 3457 1782 3492 1.
1798 3443 1897 3495 Sed
1910 3458 2001 3490 nee
2017 3450 2257 3505 stagnata
2270 3434 2647 3503 Sin—Stagna·

1626 3534 1679 3571 ta
1710 3522 1916 3587 palude.
1969 3520 2215 3585 &agnat-e
2249 3514 2470 3578 dicitur,
2504 3512 2648 3581 quod

1626 3608 1939 3670 perpetuum
1956 3594 2165 3649 laticem
2175 3593 2383 3668 subjicit
2394 3633 2410 3659 ,
2422 3590 2648 3645 irremis-

1626 3696 1685 3729 so
1700 3676 1847 3730 fonte
1858 3675 2178 3746 prosultatis.
2192 3673 2343 3745 virg.
2353 3672 2544 3743 Georg.
2555 3672 2629 3723 1v
2638 3710 2653 3735 ,

1630 3756 1760 3827 287:
1796 3756 1953 3822 «Qua
1996 3754 2167 3807 Pellaei
2209 3771 2336 3824 gens
2383 3752 2647 3807 fortunata

1630 3836 1835 3908 Canopi
1859 3834 2066 3889 Adeolit
2108 3834 2280 3888 effuso
2318 3844 2647 3907 stagnantem

1624 3914 1845 3969 flumine
1892 3914 2074 3967 Nilum
2090 3940 2129 3965 n.
2168 3914 2381 3969 Bam-u.
2426 3912 2645 3964 Advers.

1628 3995 1911 4058 XXXVII,
1940 4012 1989 4064 7.
2022 3994 2204 4064 Aptius
2244 3994 2353 4045 huc
2388 3992 2649 4045 referatur

1629 4072 1815 4127 iisdem
1848 4076 1958 4127 fere
1982 4073 2156 4126 verbis
2183 4090 2305 4123 usus
2328 4069 2490 4124 Ovid.
2516 4070 2643 4123 Met.

1634 4154 1729 4205 XV
1748 4190 1763 4217 ‚
1808 4158 1905 4221 269
1934 4171 1947 4207 τ
2004 4178 2025 4199 ι
2054 4152 2287 4223 Quaque
2334 4148 2471 4202 sitim
2510 4148 2651 4203 tule-
