2964 4690
510 389 651 474 454

1185 392 1608 460 HOSIDII
1668 389 1965 459 GETAE

605 512 946 582 Gessimus
970 567 988 597 ‚
1024 526 1090 580 ct
1122 514 1248 582 scis
1281 515 1452 607 ipse,
1486 537 1705 607 neque
1734 527 1830 581 est
1862 526 1927 580 tc
1956 509 2180 578 fallere
2204 507 2589 602 quidquam.

605 624 805 693 Nunc
841 623 996 691 victi
1035 623 1256 691 tristes
1298 624 1663 719 (quoniam
1698 621 1835 691 fors
1868 621 2091 691 omnia
2124 615 2399 713 versat)

609 731 932 800 Submissi
971 733 1258 824 petimus
1293 748 1537 801 terram
1558 785 1576 814 ‚
1613 732 1905 827 litusque
1940 753 2249 826 rogamus
2592 749 2639 786 ⁸⁵

609 843 1025 928 Innocuam,
1065 865 1282 935 neque
1319 858 1384 910 te
1419 841 1623 911 ullius
1655 841 1973 912 violentia
2006 842 2244 912 vincat.

1430 1005 1730 1051 CREON.

506 1103 510 1108 ’
611 1116 800 1207 Quid
835 1139 1097 1187 caussas
1133 1119 1302 1213 petis
1339 1133 1457 1186 aut
1493 1120 1561 1186 in
1598 1143 1707 1188 me
1742 1119 2149 1214 exitiumque
2186 1117 2538 1189 meorum?

518 1291 765 1384 Jtsntina,
801 1321 1025 1393 aliisque
1040 1363 1056 1388 ,
1083 1335 1134 1375 et
1157 1324 1213 1376 in
1233 1321 1388 1376 codd.
1407 1321 1537 1376 MSS
1623 1320 1816 1378 in.hoc
1841 1323 2173 1379 hemistichio
2200 1336 2411 1378 servant
2436 1321 2643 1378 scheda

520 1401 855 1456 Mantelisnis
876 1402 1114 1470 duobus,
1139 1403 1455 1473 Menagiano
1488 1414 1562 1476 et,

523 1481 773 1536 Gudiano
800 1479 868 1533 ab
901 1480 1116 1535 Heinsio
1143 1481 1345 1535 collatis
1361 1522 1377 1548 ,
1404 1493 1455 1533 et
1484 1481 1539 1533 in

523 1561 609 1615 ed.
647 1560 840 1613 Aldina
884 1559 1025 1632 apud
1059 1561 1284 1614 ProBam
1323 1562 1538 1615 Falcon.

523 1641 750 1694 Centon.
787 1639 843 1692 in
875 1639 945 1692 V.
971 1639 1038 1692 T.
1070 1657 1185 1712 cap.
1213 1640 1375 1706 xxl,
1396 1660 1449 1695 v.
1477 1657 1541 1708 93

521 1718 614 1774 sed
631 1715 840 1790 protuli
866 1731 1039 1772 tamen
1056 1724 1326 1788 quidquam
1341 1761 1358 1786 ‚
1375 1721 1544 1793 q‘uum

521 1798 596 1852 ita
640 1800 696 1853 iu
731 1797 972 1852 Mediceo
1013 1798 1235 1870 aliisque
1277 1800 1547 1854 codicibus

525 1881 760 1951 legatur,
792 1891 842 1931 et
877 1877 1087 1934 scheda
1119 1880 1454 1934 Salmasisnae
1494 1891 1547 1934 et

525 1956 651 2012 cod.
672 1957 824 2012 Leid.
841 1956 930 2012 hic
948 1963 1218 2027 quidquam
1237 1970 1545 2029 agnoscant,

527 2035 672 2112 quod
683 2039 910 2109 probare
924 2037 1084 2090 etism
1093 2036 1303 2090 videtur
1315 2037 1548 2102 Servius,

531 2118 625 2189 qui
651 2130 827 2174 notat:
847 2143 872 2165 α
889 2117 992 2170 Alii
1011 2114 1303 2189 quidquam
1327 2117 1543 2187 legunt:

533 2197 648 2249 Hoc
701 2213 880 2252 autem
926 2195 1056 2250 dicit
1097 2215 1111 2248 :
1155 2213 1324 2267 quum
1367 2195 1547 2249 omnis

540 2277 751 2329 noveris
763 2303 803 2330 ιι.
855 2277 1038 2348 Neque
1069 2275 1222 2328 aliter
1257 2275 1547 2327 Arusianus

535 2358 762 2411 Messius
815 2356 1019 2410 inedito
1067 2354 1442 2407 Elocutionum
1477 2355 1547 2407 li·

533 2436 675 2489 bello
710 2457 724 2488 2
753 2443 884 2487 «Est
933 2454 1132 2486 cernere
1150 2472 1165 2495 ‚
1203 2434 1391 2507 Virgil-
1423 2438 1544 2488 ΑΕΒ.

541 2522 705 2568 Terroe
754 2516 1094 2583 omnipotentis
1129 2518 1380 2565 alumnum
1430 2517 1546 2564 Cer-

529 2616 653 2647 nere
687 2610 812 2647 erat.
849 2592 1000 2647 Idem
1041 2592 1233 2664 Georg.
1273 2614 1434 2661 neque
1473 2610 1551 2646 est

532 2678 783 2744 eejhllere
805 2677 1077 2743 quidquam
1095 2697 1138 2724 υ.
1167 2672 1434 2743 Exprimit
1451 2691 1548 2726 uu·

530 2770 638 2809 tem
677 2753 808 2809 illud
837 2752 1083 2815 Homeri,
1123 2752 1277 2806 Iliad.
1308 2754 1371 2803 A.
1407 2750 1505 2805 561
1531 2772 1545 2806 :

529 2834 647 2891 οὐδέ
664 2857 719 2891 σε
735 2836 883 2901 λήθω,
899 2833 1044 2905 quod
1064 2832 1206 2886 enim
1227 2834 1430 2887 Latinis
1446 2834 1549 2887 hnc

531 2916 584 2969 in
597 2933 658 2968 re
655 2916 868 2983 fallere,
891 2915 947 2966 in
961 2914 1162 2966 Graecis
1181 2924 1258 2965 est
1272 2916 1543 2968 λανθάνειν·

530 2994 640 3049 vid.
661 2994 906 3047 Lambin.
926 2993 996 3046 ad
1027 2994 1214 3045 Horat.
1241 2991 1346 3046 Od.
1374 2992 1470 3045 lib.
1496 2995 1547 3057 Ι,

535 3094 620 3140 10,
657 3078 737 3127 16.
773 3071 1102 3145 Elegantiam
1138 3071 1419 3125 locutionis
1445 3093 1547 3124 non

531 3168 604 3205 esc
620 3168 667 3204 te
667 3154 881 3221 fallere,
903 3170 1003 3223 pro
1021 3170 1130 3203 non
1150 3150 1272 3205 licet
1286 3192 1302 3217 ,
1329 3170 1436 3203 non
1457 3150 1551 3205 da·

531 3245 619 3285 tur
643 3243 696 3283 te
714 3229 1008 3303 quidquam
1032 3230 1232 3297 celare,
1255 3244 1314 3283 ut
1334 3231 1550 3299 Effuge-

534 3331 587 3361 re
610 3314 740 3361 hunc
775 3329 874 3361 non
899 3326 991 3375 esc,
1019 3322 1069 3361 et
1099 3310 1306 3373 similia,
1339 3309 1551 3380 copiose

535 3390 859 3442 illustrarunt
879 3388 1130 3443 Passerat.
1147 3388 1213 3443 ad
1235 3389 1474 3461 Prope-rt.
1500 3392 1549 3453 1,

538 3488 625 3531 πο,
668 3470 728 3520 13
747 3484 764 3529 3
785 3467 1020 3521 Gronov.
1045 3470 1276 3522 Observ.
1305 3468 1407 3531 IV,
1433 3487 1548 3540 cap.

534 3552 586 3613 8,
613 3560 665 3600 et
701 3548 765 3599 N.
793 3546 968 3599 Heius.
999 3546 1064 3601 acl
1093 3546 1253 3602 Ovid.
1283 3550 1395 3600 Art.
1431 3550 1549 3601 Am.

535 3628 610 3693 11,
631 3645 683 3679 v.
712 3626 798 3677 28.

603 3708 686 3769 84.
709 3709 856 3755 Nunc
870 3706 989 3754 vicu·
1001 3707 1158 3757 tristes
1171 3710 1549 3774 (quoniumsors

538 3790 705 3839 omnia
729 3784 958 3849 versat):
988 3782 1060 3835 ita
1083 3783 1139 3837 in
1157 3784 1286 3837 MSS
1304 3784 1515 3839 schedis
1533 3827 1549 3850 ,

536 3880 589 3922 et
619 3866 672 3917 iu
699 3862 816 3935 ipso
839 3860 1066 3931 Virgilio
1091 3862 1303 3933 legitur,
1321 3865 1432 3917 Ecl.
1457 3866 1554 3927 lx,

539 3948 587 4001 5.
631 3950 741 3995 Sors
791 3951 968 3993 tamen
1020 3938 1183 3992 edidit
1225 3942 1516 3997 Scriverius
1535 3984 1551 4009 ,

534 4024 678 4097 quod
719 4033 772 4073 et
808 4016 982 4073 Cerda
1017 4018 1211 4090 aliique
1231 4019 1549 4075 defendunt:

529 4102 651 4159 vide
665 4113 815 4155 notas
829 4097 894 4151 ad
909 4101 1029 4153 AEn.
1043 4098 1112 4164 X,
1136 4102 1380 4170 458:fors
1396 4102 1552 4155 etiam

1626 1401 1787 1455 Salm.
1814 1415 1867 1456 et
1894 1401 2014 1457 cod.
2040 1403 2189 1457 Leid.
2213 1404 2371 1458 Auth.
2392 1405 2575 1456 Burin.
2594 1405 2642 1467 1,

1628 1500 1790 1535 carm.
1815 1481 2037 1549 CLXX,
2090 1503 2140 1536 v.
2176 1501 2303 1554 ¹²7²
2331 1504 2436 1534 sors
2464 1495 2643 1536 tamen

1630 1561 2043 1632 praferendum,
2066 1563 2108 1617 si
2134 1581 2256 1616 cum
2278 1561 2461 1615 Burm.
2487 1579 2643 1634 quem

1631 1641 1975 1696 offendebant
2014 1641 2122 1696 duo
2153 1643 2245 1696 illa
2265 1641 2505 1715 epitheta
2527 1643 2650 1693 victi

1632 1723 1814 1786 tristes,
1842 1722 2075 1793 legamus
2093 1721 2386 1794 inVirgilio
2418 1738 2432 1773 :
2458 1746 2480 1768 ι
2494 1719 2648 1772 Nunc

1634 1801 1783 1865 victi,
1823 1801 1985 1854 tristis
2019 1800 2273 1874 quoniam
2318 1819 2433 1854 sors
2468 1798 2650 1853 omniu

1634 1892 1808 1934 versat
1829 1906 1875 1945 a,
1895 1898 2217 1954 quamquam
2238 1879 2549 1954 hujumodi
2566 1895 2651 1950 go-

1636 1960 1957 2012 minatorum
2002 1960 2363 2033 epithetorum
2410 1959 2653 2030 exempla

1634 2057 1745 2090 non
1782 2038 2143 2112 infrequentia
2175 2041 2282 2094 sint
2304 2061 2320 2092 a
2360 2039 2429 2094 de
2454 2039 2651 2113 quihus

1635 2119 1741 2173 vid.
1770 2118 1835 2172 nd
1868 2118 2076 2172 Lotich.
2104 2137 2221 2190 pag.
2247 2120 2367 2184 345.
2394 2119 2452 2173 Si
2474 2131 2649 2172 tamen

1635 2198 1688 2252 id
1717 2199 1771 2252 in
1804 2197 1909 2251 hoc
1938 2198 2147 2270 virgilii
2172 2200 2293 2253 loco
2316 2217 2429 2252 uon
2456 2196 2650 2251 admit·

1635 2277 1854 2330 tendum
1881 2275 2146 2344 videatur,
2179 2277 2430 2350 distingui
2446 2289 2651 2349 posset:

1640 2358 1830 2421 «Nunc
1856 2358 2009 2425 victi,
2032 2360 2241 2427 tristes(
2260 2358 2520 2429 quoniam
2544 2358 2650 2409 fors

1634 2438 1810 2490 omnia
1858 2450 2027 2495 versut
2054 2442 2093 2507 ),
2137 2436 2396 2491 Submissi
2420 2438 2653 2511 petimus

1633 2528 1827 2568 terram
1845 2557 1862 2583 ,
1916 2516 2145 2589 litusque
2194 2534 2439 2588 rogamus
2488 2514 2651 2570 Inno-

1635 2614 1796 2648 cuum
1834 2614 1892 2659 ις
1942 2596 2130 2649 eodem
2176 2596 2339 2649 modo
2388 2600 2515 2651 AEn.
2558 2596 2651 2649 lib.

1634 2676 1733 2739 lv,
1760 2691 1811 2727 v.
1841 2676 1943 2744 373
1964 2692 1978 2725 :
2000 2700 2027 2723 ι
2047 2679 2269 2748 ejectum
2292 2675 2444 2729 litore
2460 2714 2476 2741 ,
2497 2693 2655 2746 egm-

1634 2764 1741 2805 tem
1782 2754 2011 2825 Excepi,
2050 2767 2101 2808 et
2140 2754 2292 2824 regni
2332 2752 2553 2808 demens
2598 2754 2653 2805 iu

1632 2844 1781 2903 parte
1833 2834 2003 2889 locavi
2032 2858 2075 2899 -,
2120 2832 2263 2905 quod
2300 2833 2654 2903 separandum

1636 2924 1815 2964 monet
1839 2912 2052 2966 Servius
2070 2954 2087 2977 ,
2122 2930 2235 2964 non
2271 2916 2475 2981 ejectum
2498 2930 2654 2981 egen-

1638 3006 1751 3054 ωηι,
1776 2992 1861 3045 vel
1878 2996 2014 3045 litore
2034 3006 2265 3060 egentem.
2286 2991 2525 3044 Alterum
2544 3010 2655 3044 ver-

1636 3089 1753 3123 sum
1772 3072 1843 3124 ita
1867 3070 2105 3125 distinxit
2126 3071 2420 3126 Scriverius
2446 3090 2461 3122 ε
2488 3070 2655 3125 «Sub-

1637 3150 1785 3203 missi
1834 3150 2100 3221 petimus3
2154 3162 2347 3202 ten-nm
2392 3150 2653 3223 litusque,

1638 3241 1771 3282 etc.»
1784 3230 1873 3282 cui
1880 3230 2054 3283 obstat
2068 3230 2184 3302 ipsa
2197 3228 2655 3284 hemistichiorum

1637 3308 2056 3379 Virgilianorum
2077 3309 2214 3361 ratio
2231 3328 2245 3360 ε
2262 3308 2493 3380 primum
2510 3309 2655 3363 euim

1638 3412 1663 3433 «ι
1678 3388 1923 3442 submissi
1944 3389 2171 3459 petimus
2194 3400 2385 3441 terram
2399 3412 2443 3455 n,
2464 3388 2658 3460 leg-itur

1639 3472 1759 3521 AEn.
1781 3469 1872 3520 lib.
1892 3470 1995 3533 ΙΙΙ,
2012 3468 2105 3536 933
2134 3468 2359 3521 alterum
2382 3494 2409 3513 u
2428 3469 2659 3541 litusque

1636 3566 1887 3619 rogamus
1898 3549 2199 3599 Innocuum
2220 3570 2265 3612 u,
2278 3550 2402 3599 ΑΕΒ.
2424 3548 2516 3599 lib.
2534 3548 2658 3607 vn,

1642 3644 1759 3695 229.
1788 3628 1905 3697 Seq.
1925 3644 2057 3680 vers.
2072 3646 2164 3678 nec
2191 3640 2237 3677 ce
2262 3628 2432 3691 ullius,
2458 3640 2559 3681 eto.
2582 3640 2661 3680 ut

1638 3706 1781 3776 apud
1796 3706 1943 3778 Virg.
1960 3706 2192 3771 AEn.xl,
2213 3704 2333 3769 354.
2351 3711 2529 3774 Neque
2546 3706 2659 3760 edi·

1641 3782 1721 3835 dit
1746 3784 2037 3839 Scriverius
2064 3802 2124 3836 ex
2152 3783 2271 3837 cod.
2291 3784 2455 3837 Snlm.

1714 3864 1797 3932 87.
1838 3868 1974 3931 Quid
2008 3883 2214 3915 caussas
2240 3865 2369 3931 petis
2394 3878 2483 3914 aut
2502 3866 2555 3915 in
2581 3884 2661 3917 me

1642 3946 1940 4008 exitiumque
1977 3960 2189 3993 meorum
2218 3961 2237 3993 .-
2274 3942 2351 3995 sic
2390 3942 2661 4013 supplevit

1641 4022 1964 4088 Scriverius;
1992 4041 2113 4075 nam
2138 4023 2193 4074 in
2213 4021 2541 4075 Salmasiano
2564 4042 2661 4076 co·

1644 4100 1759 4155 dice
1785 4102 1974 4171 legitur
2013 4122 2025 4155 :
2060 4127 2083 4149 ι
2104 4102 2251 4167 Quid
2280 4120 2491 4155 caussas
2520 4103 2661 4174 petis
