2964 4690
1055 407 1670 477 AENIGMATA.
2282 395 2423 484 425

893 617 1256 686 XCVIII.
1309 614 1749 686 ANCORA
1769 614 1821 681 ⁸.

397 790 663 858 Mucno
699 787 866 856 mihi
903 790 1208 882 geminus
1243 787 1420 857 ferro
1455 789 1889 881 conjungitur
1922 811 2136 872 unco;

398 895 572 962 Cum
615 909 814 962 vento
851 891 1093 980 luctor,
1141 921 1296 966 cum
1340 897 1603 992 gurgite
1646 920 1875 993 pugno
1911 896 2281 992 profund03

403 1007 682 1072 Scrutor
717 1029 921 1098 aquas
960 1006 1244 1094 medias;
1278 1009 1450 1102 ipsas
1488 1033 1759 1102 quoque
1795 1005 2071 1077 mordeo
2101 1021 2330 1076 terras.

375 1179 401 1204 ¹*
420 1177 561 1232 Citat
582 1176 686 1229 hoc
707 1176 926 1250 aenigms
947 1179 1048 1230 sub
1063 1177 1328 1251 Symposii
1418 1198 1502 1233 sss
1526 1197 1637 1234 non
1661 1179 1873 1234 vincula
1896 1197 2059 1234 naves
2078 1176 2205 1230 Una
2228 1187 2435 1242 tenent,

305 1255 520 1310 nomine
557 1252 732 1310 Cei-da
771 1255 840 1309 acl
872 1257 1063 1329 virgil.
1101 1259 1225 1312 AEn.
1270 1260 1328 1323 1,
1419 1276 1559 1314 unco
1580 1277 1687 1312 non
1712 1257 1916 1330 adligat
1940 1275 2137 1312 ancora
2154 1274 2337 1309 morsu
2355 1280 2396 1305 a.

305 1355 358 1389 v.
378 1338 498 1404 169,
515 1333 968 1406 quemadmodum
987 1336 1042 1388 in
1065 1336 1332 1411 Proqnmio
1494 1357 1542 1391 s.
1579 1343 1707 1390 Dum
1743 1339 1809 1392 C.
1840 1367 1910 1380 -
1937 1343 2053 1390 σιω
2075 1351 2225 1390 veum
2262 1341 2435 1388 lucror.

300 1420 414 1488 jam
442 1433 833 1469 monueramus.
1420 1417 1663 1490 Propert.
1694 1419 1797 1486 IV,
1843 1436 1888 1480 1,
1933 1424 2031 1488 147
2068 1435 2083 1470 :
2122 1416 2321 1468 «Nunc
2346 1425 2437 1467 tus

385 1514 430 1549 1.
463 1500 598 1546 Uneo
623 1497 684 1546 A.
711 1505 763 1548 et
788 1496 848 1548 B.
886 1506 938 1548 et
963 1495 1105 1549 Cast.
1136 1515 1234 1546 uno
1260 1495 1322 1548 C.
1421 1495 1503 1550 vel
1542 1495 1731 1550 mediis
1767 1496 1959 1568 puppis
1998 1497 2229 1550 luctetur
2252 1493 2309 1548 in
2336 1511 2437 1546 un·

308 1585 362 1627 et
386 1573 450 1626 E.
476 1585 529 1627 et
551 1574 668 1628 Per.
699 1585 752 1626 et
781 1572 923 1627 Pith.
945 1605 1015 1614 —
1036 1579 1182 1628 Ferro
1210 1594 1329 1626 con·
1419 1575 1504 1629 dis
1523 1601 1565 1629 ι.

297 1655 534 1722 jungitur·
565 1671 708 1704 unco.
742 1654 932 1706 Merito
969 1653 1108 1707 hanc
1147 1652 1332 1707 lectio·
1494 1655 1541 1708 3.
1564 1660 1733 1706 Ser-uto
1760 1655 1821 1708 C.
1843 1683 1911 1694 --
1928 1659 2073 1724 Ipsus
2092 1671 2285 1722 quoque
2309 1670 2437 1703 mor*-

309 1750 432 1784 nem
451 1769 467 1795 ,
484 1749 648 1803 quam
667 1730 855 1802 optimi
876 1731 1086 1786 codices
1110 1732 1306 1785 habent
1318 1772 1334 1799 ,
1419 1737 1513 1786 deo
1525 1748 1697 1787 eonas.
1714 1735 1865 1807 Saepe
1882 1734 2041 1786 etiam
2058 1732 2115 1786 in
2133 1733 2259 1784 litus
2276 1730 2445 1802 ipsius

309 1811 465 1864 alteri
483 1811 805 1883 pretulimus
822 1832 943 1876 uno,
961 1811 1226 1884 siquidem
1244 1831 1333 1866 an·
1417 1827 1573 1866 terroe
1608 1813 1879 1885 conjicior.
1908 1810 2071 1865 Ovid.
2107 1812 2234 1865 Her.
2266 1809 2350 1876 11,
2372 1815 2405 1873 4
2430 1829 2447 1862 =

311 1908 450 1944 coro
477 1889 778 1943 extremitas
803 1890 950 1945 nude
978 1893 1068 1946 vix
1093 1891 1201 1945 diei
1223 1911 1330 1944 mu·
1421 1919 1446 1938 ·=
1461 1892 1731 1947 Litoribus
1744 1891 1935 1946 nostris
1952 1909 2149 1944 ancora
2170 1900 2437 1962 pactatus

311 1990 397 2022 ero
419 1983 620 2042 potest,
643 1971 737 2024 sed
755 1992 921 2024 mucro
941 1992 1125 2038 uncus,
1145 1989 1332 2044 quem-
1421 1983 1500 2026 est
1522 1997 1563 2023 ι.
1600 1976 1829 2024 Mor-dore
1852 1989 2047 2024 ancora
2079 1969 2290 2033 dicitur,
2314 1970 2441 2040 quia

313 2048 610 2102 admodum
640 2070 920 2103 mueronem
960 2055 1206 2103 aduncum
1243 2049 1335 2104 ha·
1425 2063 1477 2104 et
1498 2050 1683 2105 dentes
1699 2051 1747 2103 ei
1762 2050 2092 2112 tribuuntur,
2106 2059 2167 2101 ut
2184 2045 2434 2100 aVestri·

313 2145 404 2182 mo
441 2129 704 2183 tribuebat
733 2142 916 2183 auctor
943 2131 1096 2202 oenig.
1119 2132 1263 2197 LIV,
1293 2151 1336 2181 ι.
1427 2131 1505 2183 tio
1522 2131 1680 2203 Spur.
1711 2131 1829 2197 111,
1854 2132 1889 2182 6
1906 2167 1922 2192 ,
1956 2139 2007 2182 et
2029 2127 2181 2198 virg.
2198 2125 2443 2188 AEn.v1,

314 2207 380 2258 Et
397 2208 476 2262 sic
493 2208 653 2260 etism
669 2209 858 2280 virgil.
881 2228 1039 2281 quem
1057 2210 1341 2281 respexisse
1430 2211 1461 2264 3
1488 2229 1502 2264 :
1531 2235 1555 2257 ι
1578 2223 1692 2264 tum
1719 2209 1879 2263 dente
1894 2205 2067 2262 tenaci
2090 2207 2299 2260 Ancora
2321 2205 2445 2257 fun-

315 2287 530 2342 videtur
555 2289 766 2352 Noster,
794 2291 916 2342 AEu.
949 2289 1004 2353 1,
1034 2287 1133 2361 173
1161 2307 1174 2340 τ
1203 2313 1225 2335 ι
1244 2290 1342 2342 fes·
1429 2289 1594 2343 dabat
1612 2308 1777 2344 naves
1800 2313 1844 2342 ι.

961 2660 1246 2729 XCIX.
1299 2660 1426 2725 LA
1449 2652 1803 2728 GENA*.

415 2840 681 2908 MATER
717 2852 861 2907 erat
897 2836 1095 2907 tellus
1116 2864 1136 2925 ;
1175 2839 1439 2933 genitor
1474 2836 1601 2905 fuit
1639 2835 1779 2929 ipse
1819 2832 2285 2915 Prometheus;
2338 2816 2349 2825 ⁹

393 3003 416 3029 ¹¹
441 3002 520 3055 De
546 3000 734 3055 ordine
757 3011 809 3054 et
825 3019 1050 3056 numero
1065 3038 1081 3065 ,
1109 3020 1219 3075 quo
1237 3000 1342 3055 hoc
1510 3020 1555 3055 1.
1584 3004 1750 3051 Mater
1773 3014 1883 3051 orac
1903 3001 2060 3050 tellus.
2089 2995 2225 3061 Quia
2254 3014 2285 3048 e
2310 3007 2451 3048 terra

325 3082 550 3154 enigma
563 3082 879 3137 collocatum
893 3099 924 3134 a
938 3080 1234 3135 castalione
1249 3092 1346 3145 est,
1433 3090 1509 3133 est
1528 3092 1671 3132 creta
1699 3077 1784 3131 vel
1810 3077 1989 3149 argilla
2004 3115 2021 3143 ,
2045 3096 2076 3129 e
2100 3095 2203 3146 qua
2228 3076 2455 3127 forman-

325 3160 434 3213 dixi
461 3162 518 3213 in
541 3179 653 3216 var.
680 3161 798 3214 lect.
821 3158 891 3214 ad
919 3160 1075 3233 aenig.
1103 3160 1346 3213 LXXIX.
1435 3172 1526 3212 tur
1542 3158 1782 3231 figulina.
1804 3156 2095 3211 Columella
2109 3156 2259 3208 Hort.
2274 3175 2328 3208 v.
2353 3153 2446 3221 59:

324 3248 527 3310 lagena
546 3240 846 3294 inscribunt
870 3258 1056 3293 omnes
1080 3238 1230 3304 editi,
1251 3258 1346 3292 an·
1437 3266 1462 3285 u
1475 3238 1641 3291 Terra
1656 3236 1981 3290 Promethea
1996 3234 2227 3307 genetrix
2252 3234 2352 3286 fuit
2378 3232 2457 3287 al-

325 3320 584 3391 tiquiores
609 3330 662 3372 et
687 3330 938 3373 recentes.
957 3324 1032 3374 De
1053 3322 1154 3373 olla
1175 3320 1236 3378 A«
1258 3316 1350 3391 qui
1404 3382 1410 3387 .
1437 3332 1550 3372 tera
1569 3330 1725 3371 crete
1747 3343 1791 3369 ι.
1808 3346 1874 3355 -
1895 3318 2100 3368 Genitor
2099 3315 2209 3381 suit
2222 3316 2456 3381 :¹125er-

327 3398 508 3452 titulus
537 3396 876 3453 vetustissimi
907 3398 1106 3453 codicis
1126 3398 1348 3473 proeph-
1437 3402 1665 3451 matheus.
1701 3396 1810 3464 Qui
1859 3395 2066 3467 primus
2114 3392 2385 3445 hominem
2427 3410 2458 3445 e
2566 3422 2573 3427 -

323 3478 438 3531 cuit
471 3476 808 3542 Heummno,
844 3489 902 3530 ut
940 3490 1164 3550 poneret
1199 3482 1347 3539 011a,·
1435 3479 1550 3531 luto
1590 3476 1809 3531 finxisse
1850 3474 2069 3539 dicitur,
2104 3487 2278 3524 auctor
2314 3474 2462 3541 vulgi

327 3574 558 3629 eumque
582 3568 836 3630 sequutus
867 3569 946 3611 est
971 3558 1208 3631 Heynaz.
1233 3557 1348 3630 Ego
1417 3561 1594 3630 fictilis
1612 3575 1642 3609 a
1658 3554 1901 3619 Phaedro,
1918 3553 2022 3619 lv,
2043 3559 2126 3619 14,
2144 3550 2459 3624 adpellstus,

329 3654 486 3701 vero,
501 3654 599 3688 cur
615 3638 686 3688 ob
705 3637 865 3691 unius
887 3634 1243 3691 differentiam
1263 3654 1352 3689 οω-
1437 3637 1527 3691 ine
1551 3638 1671 3709 jure
1697 3654 1797 3709 pro
1823 3635 2101 3687 inventore
2132 3633 2262 3686 artis
2287 3630 2463 3703 figuli-

331 3728 566 3769 terorum
591 3716 830 3769 omnium
866 3734 1180 3771 consensum
1205 3735 1351 3789 sper·
1438 3735 1551 3780 no,
1592 3728 1753 3786 atque
1791 3714 1929 3768 adeo
1963 3714 2193 3786 lagena,
2218 3712 2459 3765 habetur.

333 3812 549 3860 nerem,
577 3811 818 3847 caussam
859 3813 968 3847 non
999 3794 1128 3848 vidi.
1163 3796 1228 3848 Et
1262 3814 1348 3868 ge-
1436 3794 1680 3865 Propert.
1709 3794 1794 3845 111
1812 3832 1827 3853 ,
1852 3791 1903 3861 3,
1933 3810 2031 3861 29:
2061 3817 2087 3838 α
2108 3792 2159 3845 Ο
2184 3791 2356 3862 prims
2380 3789 2459 3841 in-

333 3872 555 3925 nuiuum
582 3872 725 3926 hunc
744 3893 856 3927 esse
874 3874 1113 3936 titulum,
1133 3892 1350 3945 persua-
1441 3874 1565 3927 felix
1614 3872 1836 3945 fingenti
1878 3884 2019 3925 terra
2072 3869 2383 3923 Prometheo
2414 3894 2461 3918 ι».

335 3948 462 4004 dere
488 3963 662 4022 potest
687 3952 983 4019 Iuvenalis,
1003 3952 1132 4019 XII,
1155 3956 1240 4015 60,
1260 3955 1353 4026 qui
1443 3954 1547 4005 Pro
1566 3953 1733 4007 nobili
1754 3954 1934 4024 aliquo
1948 3951 2131 4023 figulo,
2146 3949 2356 4021 majoris
2374 3966 2464 3999 cu·

339 4046 558 4083 venerem
583 4050 798 4103 quoque
823 4032 1022 4103 lagena
1048 4032 1265 4099 tribuit,
1300 4046 1359 4087 ut
1443 4032 1657 4106 jusdam
1678 4031 1855 4105 operis
1876 4032 2096 4104 opifice,
2120 4026 2464 4083 Prometheus

341 4112 546 4169 Noster.
1447 4110 1649 4165 dicitur
1666 4111 1812 4184 apud
1830 4108 2141 4164 Iuvenalem
2158 4145 2175 4173 ,
2200 4108 2304 4170 IV,
2325 4105 2423 4159 133
2445 4125 2461 4162 :
