<?xml version="1.0" encoding="UTF-8"?>
<!DOCTYPE html PUBLIC "-//W3C//DTD XHTML 1.0 Transitional//EN"
    "http://www.w3.org/TR/xhtml1/DTD/xhtml1-transitional.dtd">
<html xmlns="http://www.w3.org/1999/xhtml" xml:lang="en" lang="en">
 <head>
  <title>
</title>
<meta http-equiv="Content-Type" content="text/html;charset=utf-8" />
  <meta name='ocr-system' content='tesseract 3.04.00' />
  <meta name='ocr-capabilities' content='ocr_page ocr_carea ocr_par ocr_line ocrx_word'/>
</head>
<body>
  <div class='ocr_page' id='page_1' title='image "./poetaelatinimin02unkngoog_0406.png"; bbox 0 0 2964 4690; ppageno 0'>
   <div class='ocr_carea' id='block_1_1' title="bbox 1105 373 1710 444">
    <p class='ocr_par' dir='ltr' id='par_1_1' title="bbox 1105 373 1710 444">
     <span class='ocr_line' id='line_1_1' title="bbox 1105 373 1710 444; baseline -0.008 0"><span class='ocrx_word' id='word_1_1' title='bbox 1105 373 1710 444; x_wconf 79' lang='lat' dir='ltr'><strong>AENIGMATA.</strong></span> 
     </span>
    </p>
   </div>
   <div class='ocr_carea' id='block_1_2' title="bbox 2332 374 2469 470">
    <p class='ocr_par' dir='ltr' id='par_1_2' title="bbox 2332 374 2469 470">
     <span class='ocr_line' id='line_1_2' title="bbox 2332 374 2469 470; baseline -0.022 0"><span class='ocrx_word' id='word_1_2' title='bbox 2332 374 2469 470; x_wconf 83' lang='lat'>397</span> 
     </span>
    </p>
   </div>
   <div class='ocr_carea' id='block_1_3' title="bbox 1123 561 1689 630">
    <p class='ocr_par' dir='ltr' id='par_1_3' title="bbox 1123 561 1689 630">
     <span class='ocr_line' id='line_1_3' title="bbox 1123 561 1689 630; baseline -0.004 -1"><span class='ocrx_word' id='word_1_3' title='bbox 1123 565 1255 630; x_wconf 92' lang='lat' dir='ltr'>LX</span> <span class='ocrx_word' id='word_1_4' title='bbox 1279 564 1330 628; x_wconf 92' lang='lat'>1.</span> <span class='ocrx_word' id='word_1_5' title='bbox 1384 561 1689 628; x_wconf 90' lang='lat' dir='ltr'><strong>PONS.</strong></span> 
     </span>
    </p>
   </div>
   <div class='ocr_carea' id='block_1_4' title="bbox 433 673 2329 1014">
    <p class='ocr_par' dir='ltr' id='par_1_4' title="bbox 433 673 2329 1014">
     <span class='ocr_line' id='line_1_4' title="bbox 439 673 2329 798; baseline 0.001 -29"><span class='ocrx_word' id='word_1_6' title='bbox 439 701 618 798; x_wconf 67' lang='lat' dir='ltr'>Sur</span> <span class='ocrx_word' id='word_1_7' title='bbox 659 723 894 768; x_wconf 85' lang='lat' dir='ltr'>nemus</span> <span class='ocrx_word' id='word_1_8' title='bbox 939 701 1009 767; x_wconf 88' lang='lat' dir='ltr'>in</span> <span class='ocrx_word' id='word_1_9' title='bbox 1045 699 1360 795; x_wconf 77' lang='lat' dir='ltr'>lymphiS‚</span> <span class='ocrx_word' id='word_1_10' title='bbox 1397 713 1541 767; x_wconf 86' lang='lat' dir='ltr'>stat.</span> <span class='ocrx_word' id='word_1_11' title='bbox 1566 699 1637 766; x_wconf 90' lang='lat' dir='ltr'>in</span> <span class='ocrx_word' id='word_1_12' title='bbox 1674 697 1812 767; x_wconf 83' lang='lat' dir='ltr'>alto</span> <span class='ocrx_word' id='word_1_13' title='bbox 1840 673 2105 792; x_wconf 84' lang='lat' dir='ltr'>gurgite</span> <span class='ocrx_word' id='word_1_14' title='bbox 2122 698 2329 788; x_wconf 54' lang='lat' dir='ltr'>silva,</span> 
     </span>
     <span class='ocr_line' id='line_1_5' title="bbox 434 804 2059 893; baseline -0.001 -15"><span class='ocrx_word' id='word_1_15' title='bbox 434 813 522 878; x_wconf 89' lang='lat' dir='ltr'>Et</span> <span class='ocrx_word' id='word_1_16' title='bbox 559 825 784 879; x_wconf 84' lang='lat' dir='ltr'>manet</span> <span class='ocrx_word' id='word_1_17' title='bbox 818 811 888 880; x_wconf 90' lang='lat' dir='ltr'>in</span> <span class='ocrx_word' id='word_1_18' title='bbox 925 810 1163 879; x_wconf 88' lang='lat' dir='ltr'>mediis</span> <span class='ocrx_word' id='word_1_19' title='bbox 1200 809 1398 878; x_wconf 85' lang='lat' dir='ltr'>undis</span> <span class='ocrx_word' id='word_1_20' title='bbox 1429 804 1775 876; x_wconf 79' lang='lat' dir='ltr'><strong>immobile</strong></span> <span class='ocrx_word' id='word_1_21' title='bbox 1811 807 2059 893; x_wconf 87' lang='lat' dir='ltr'>robur;</span> 
     </span>
     <span class='ocr_line' id='line_1_6' title="bbox 433 917 2313 1014; baseline -0.001 -25"><span class='ocrx_word' id='word_1_22' title='bbox 433 923 638 990; x_wconf 81' lang='lat' dir='ltr'>Terra</span> <span class='ocrx_word' id='word_1_23' title='bbox 684 935 909 990; x_wconf 85' lang='lat' dir='ltr'>tamen</span> <span class='ocrx_word' id='word_1_24' title='bbox 950 921 1192 1007; x_wconf 86' lang='lat' dir='ltr'>mittit,</span> <span class='ocrx_word' id='word_1_25' title='bbox 1234 917 1418 1014; x_wconf 89' lang='lat' dir='ltr'>quod</span> <span class='ocrx_word' id='word_1_26' title='bbox 1461 933 1657 986; x_wconf 83' lang='lat' dir='ltr'>terrae</span> <span class='ocrx_word' id='word_1_27' title='bbox 1702 940 1983 986; x_wconf 86' lang='lat' dir='ltr'>munera</span> <span class='ocrx_word' id='word_1_28' title='bbox 2024 933 2313 1010; x_wconf 81' lang='lat' dir='ltr'>praestat.</span> 
     </span>
    </p>
   </div>
   <div class='ocr_carea' id='block_1_5' title="bbox 329 1086 1364 2577">
    <p class='ocr_par' dir='ltr' id='par_1_5' title="bbox 333 1086 1364 1534">
     <span class='ocr_line' id='line_1_7' title="bbox 415 1086 1364 1140; baseline -0.002 -2"><span class='ocrx_word' id='word_1_29' title='bbox 415 1105 460 1138; x_wconf 86' lang='lat'>1.</span> <span class='ocrx_word' id='word_1_30' title='bbox 478 1089 766 1138; x_wconf 75' lang='lat' dir='ltr'>Staedomus</span> <span class='ocrx_word' id='word_1_31' title='bbox 788 1090 840 1138; x_wconf 77' lang='lat' dir='ltr'>in</span> <span class='ocrx_word' id='word_1_32' title='bbox 861 1087 922 1140; x_wconf 92' lang='lat' dir='ltr'>C.</span> <span class='ocrx_word' id='word_1_33' title='bbox 949 1099 1003 1139; x_wconf 83' lang='lat' dir='ltr'>et</span> <span class='ocrx_word' id='word_1_34' title='bbox 1024 1086 1140 1140; x_wconf 85' lang='lat' dir='ltr'>Per.</span> <span class='ocrx_word' id='word_1_35' title='bbox 1169 1117 1241 1126; x_wconf 92' lang='lat'>—-</span> <span class='ocrx_word' id='word_1_36' title='bbox 1255 1091 1364 1138; x_wconf 74' lang='lat' dir='ltr'>Stat</span> 
     </span>
     <span class='ocr_line' id='line_1_8' title="bbox 337 1165 1360 1235; baseline 0.001 -19"><span class='ocrx_word' id='word_1_37' title='bbox 337 1183 507 1217; x_wconf 73' lang='lat' dir='ltr'>nemus</span> <span class='ocrx_word' id='word_1_38' title='bbox 531 1169 584 1216; x_wconf 75' lang='lat' dir='ltr'>in</span> <span class='ocrx_word' id='word_1_39' title='bbox 624 1169 844 1235; x_wconf 60' lang='lat' dir='ltr'>lymphis.</span> <span class='ocrx_word' id='word_1_40' title='bbox 870 1168 1157 1219; x_wconf 77' lang='lat' dir='ltr'>Innumern</span> <span class='ocrx_word' id='word_1_41' title='bbox 1185 1165 1360 1218; x_wconf 83' lang='lat' dir='ltr'>multi-</span> 
     </span>
     <span class='ocr_line' id='line_1_9' title="bbox 333 1242 1358 1317; baseline 0 -21"><span class='ocrx_word' id='word_1_42' title='bbox 333 1242 469 1296; x_wconf 83' lang='lat' dir='ltr'>tudo</span> <span class='ocrx_word' id='word_1_43' title='bbox 487 1245 739 1296; x_wconf 74' lang='lat' dir='ltr'>arborum</span> <span class='ocrx_word' id='word_1_44' title='bbox 757 1283 774 1307; x_wconf 89' lang='lat'>‚</span> <span class='ocrx_word' id='word_1_45' title='bbox 793 1245 1068 1317; x_wconf 78' lang='lat' dir='ltr'>qnondam</span> <span class='ocrx_word' id='word_1_46' title='bbox 1081 1261 1268 1298; x_wconf 81' lang='lat' dir='ltr'>nemus</span> <span class='ocrx_word' id='word_1_47' title='bbox 1282 1245 1358 1296; x_wconf 84' lang='lat' dir='ltr'>in·</span> 
     </span>
     <span class='ocr_line' id='line_1_10' title="bbox 335 1323 1356 1396; baseline 0.004 -24"><span class='ocrx_word' id='word_1_48' title='bbox 335 1333 564 1394; x_wconf 82' lang='lat' dir='ltr'>tegrum,</span> <span class='ocrx_word' id='word_1_49' title='bbox 584 1340 718 1376; x_wconf 78' lang='lat' dir='ltr'>caesa</span> <span class='ocrx_word' id='word_1_50' title='bbox 737 1335 789 1376; x_wconf 87' lang='lat' dir='ltr'>et</span> <span class='ocrx_word' id='word_1_51' title='bbox 816 1337 1120 1378; x_wconf 81' lang='lat' dir='ltr'>constructa</span> <span class='ocrx_word' id='word_1_52' title='bbox 1140 1323 1196 1376; x_wconf 90' lang='lat' dir='ltr'>in</span> <span class='ocrx_word' id='word_1_53' title='bbox 1219 1341 1356 1396; x_wconf 87' lang='lat' dir='ltr'>pon·</span> 
     </span>
     <span class='ocr_line' id='line_1_11' title="bbox 335 1401 1353 1467; baseline 0.001 -14"><span class='ocrx_word' id='word_1_54' title='bbox 335 1415 444 1454; x_wconf 86' lang='lat' dir='ltr'>tem</span> <span class='ocrx_word' id='word_1_55' title='bbox 462 1413 567 1455; x_wconf 79' lang='lat' dir='ltr'>stat</span> <span class='ocrx_word' id='word_1_56' title='bbox 578 1403 636 1454; x_wconf 88' lang='lat' dir='ltr'>in</span> <span class='ocrx_word' id='word_1_57' title='bbox 665 1401 899 1456; x_wconf 82' lang='lat' dir='ltr'>flumine.</span> <span class='ocrx_word' id='word_1_58' title='bbox 928 1405 1126 1456; x_wconf 76' lang='lat' dir='ltr'>Lucan.</span> <span class='ocrx_word' id='word_1_59' title='bbox 1145 1403 1172 1454; x_wconf 90' lang='lat'>1</span> <span class='ocrx_word' id='word_1_60' title='bbox 1188 1442 1202 1467; x_wconf 89' lang='lat'><strong>,</strong></span> <span class='ocrx_word' id='word_1_61' title='bbox 1218 1404 1353 1456; x_wconf 85' lang='lat'><strong>306:</strong></span> 
     </span>
     <span class='ocr_line' id='line_1_12' title="bbox 337 1479 1319 1534; baseline 0.002 -2"><span class='ocrx_word' id='word_1_62' title='bbox 337 1505 362 1526; x_wconf 79' lang='grc' dir='ltr'>ι</span> <span class='ocrx_word' id='word_1_63' title='bbox 380 1481 450 1533; x_wconf 85' lang='lat' dir='ltr'>In</span> <span class='ocrx_word' id='word_1_64' title='bbox 473 1481 694 1534; x_wconf 71' lang='lat' dir='ltr'>classem</span> <span class='ocrx_word' id='word_1_65' title='bbox 720 1479 860 1534; x_wconf 76' lang='lat' dir='ltr'>cadit</span> <span class='ocrx_word' id='word_1_66' title='bbox 889 1501 1049 1534; x_wconf 85' lang='lat' dir='ltr'>omne</span> <span class='ocrx_word' id='word_1_67' title='bbox 1075 1499 1259 1534; x_wconf 86' lang='lat' dir='ltr'>nemus</span> <span class='ocrx_word' id='word_1_68' title='bbox 1278 1507 1319 1534; x_wconf 59' lang='grc' dir='ltr'>ια.</span> 
     </span>
    </p>

    <p class='ocr_par' dir='ltr' id='par_1_6' title="bbox 329 1564 1362 2577">
     <span class='ocr_line' id='line_1_13' title="bbox 407 1564 1358 1613; baseline 0 -1"><span class='ocrx_word' id='word_1_69' title='bbox 407 1579 456 1612; x_wconf 76' lang='lat'>².</span> <span class='ocrx_word' id='word_1_70' title='bbox 475 1567 742 1613; x_wconf 78' lang='lat' dir='ltr'>Permanet</span> <span class='ocrx_word' id='word_1_71' title='bbox 759 1575 810 1612; x_wconf 83' lang='lat' dir='ltr'>et</span> <span class='ocrx_word' id='word_1_72' title='bbox 829 1564 1000 1613; x_wconf 76' lang='lat' dir='ltr'>mediis</span> <span class='ocrx_word' id='word_1_73' title='bbox 1026 1564 1267 1613; x_wconf 74' lang='lat' dir='ltr'><em>immobile</em></span> <span class='ocrx_word' id='word_1_74' title='bbox 1278 1581 1358 1612; x_wconf 84' lang='lat' dir='ltr'>ro·</span> 
     </span>
     <span class='ocr_line' id='line_1_14' title="bbox 332 1639 1352 1692; baseline 0.002 -2"><span class='ocrx_word' id='word_1_75' title='bbox 332 1643 422 1690; x_wconf 71' lang='lat' dir='ltr'>bur</span> <span class='ocrx_word' id='word_1_76' title='bbox 444 1642 494 1691; x_wconf 82' lang='lat' dir='ltr'>in</span> <span class='ocrx_word' id='word_1_77' title='bbox 514 1643 661 1692; x_wconf 78' lang='lat' dir='ltr'>undis</span> <span class='ocrx_word' id='word_1_78' title='bbox 687 1639 803 1692; x_wconf 78' lang='lat' dir='ltr'>Per.</span> <span class='ocrx_word' id='word_1_79' title='bbox 827 1671 900 1680; x_wconf 89' lang='lat'>-—</span> <span class='ocrx_word' id='word_1_80' title='bbox 917 1645 1168 1692; x_wconf 75' lang='lat' dir='ltr'>Imobile</span> <span class='ocrx_word' id='word_1_81' title='bbox 1191 1643 1352 1692; x_wconf 78' lang='lat' dir='ltr'>robur.</span> 
     </span>
     <span class='ocr_line' id='line_1_15' title="bbox 334 1714 1357 1791; baseline 0.001 -21"><span class='ocrx_word' id='word_1_82' title='bbox 334 1721 498 1770; x_wconf 76' lang='lat' dir='ltr'>Robur</span> <span class='ocrx_word' id='word_1_83' title='bbox 515 1719 783 1786; x_wconf 76' lang='lat' dir='ltr'>nominat,</span> <span class='ocrx_word' id='word_1_84' title='bbox 800 1719 924 1791; x_wconf 77' lang='lat' dir='ltr'>qnia</span> <span class='ocrx_word' id='word_1_85' title='bbox 949 1731 1135 1791; x_wconf 85' lang='lat' dir='ltr'>pontes</span> <span class='ocrx_word' id='word_1_86' title='bbox 1149 1760 1166 1786; x_wconf 88' lang='lat'>,</span> <span class='ocrx_word' id='word_1_87' title='bbox 1184 1730 1244 1772; x_wconf 87' lang='lat' dir='ltr'>nt</span> <span class='ocrx_word' id='word_1_88' title='bbox 1262 1714 1357 1771; x_wconf 87' lang='lat' dir='ltr'>ho-</span> 
     </span>
     <span class='ocr_line' id='line_1_16' title="bbox 331 1796 1356 1870; baseline 0 -20"><span class='ocrx_word' id='word_1_89' title='bbox 331 1796 450 1861; x_wconf 81' lang='lat' dir='ltr'>die,</span> <span class='ocrx_word' id='word_1_90' title='bbox 477 1797 552 1850; x_wconf 75' lang='lat' dir='ltr'>ita</span> <span class='ocrx_word' id='word_1_91' title='bbox 577 1797 705 1848; x_wconf 86' lang='lat' dir='ltr'>olim</span> <span class='ocrx_word' id='word_1_92' title='bbox 725 1797 1040 1870; x_wconf 84' lang='lat' dir='ltr'>plerumque</span> <span class='ocrx_word' id='word_1_93' title='bbox 1077 1815 1106 1849; x_wconf 88' lang='lat' dir='ltr'>e</span> <span class='ocrx_word' id='word_1_94' title='bbox 1131 1816 1356 1869; x_wconf 87' lang='lat' dir='ltr'>quercu-</span> 
     </span>
     <span class='ocr_line' id='line_1_17' title="bbox 331 1875 1356 1948; baseline 0.001 -21"><span class='ocrx_word' id='word_1_95' title='bbox 331 1875 432 1929; x_wconf 74' lang='lat' dir='ltr'>bus</span> <span class='ocrx_word' id='word_1_96' title='bbox 457 1875 673 1928; x_wconf 80' lang='lat' dir='ltr'>fiebant.</span> <span class='ocrx_word' id='word_1_97' title='bbox 694 1876 831 1928; x_wconf 84' lang='lat' dir='ltr'>Hine</span> <span class='ocrx_word' id='word_1_98' title='bbox 851 1889 902 1929; x_wconf 86' lang='lat' dir='ltr'>et</span> <span class='ocrx_word' id='word_1_99' title='bbox 925 1895 1057 1948; x_wconf 83' lang='lat' dir='ltr'>pons</span> <span class='ocrx_word' id='word_1_100' title='bbox 1071 1876 1356 1929; x_wconf 75' lang='lat' dir='ltr'>Tiberinus</span> 
     </span>
     <span class='ocr_line' id='line_1_18' title="bbox 330 1953 1358 2020; baseline -0.002 -12"><span class='ocrx_word' id='word_1_101' title='bbox 330 1955 404 2008; x_wconf 75' lang='lat' dir='ltr'>ab</span> <span class='ocrx_word' id='word_1_102' title='bbox 430 1953 650 2019; x_wconf 78' lang='lat' dir='ltr'>Ovidio,</span> <span class='ocrx_word' id='word_1_103' title='bbox 691 1955 831 2006; x_wconf 72' lang='lat' dir='ltr'>Fast.</span> <span class='ocrx_word' id='word_1_104' title='bbox 859 1955 928 2020; x_wconf 78' lang='lat' dir='ltr'>V,</span> <span class='ocrx_word' id='word_1_105' title='bbox 951 1957 1053 2006; x_wconf 75' lang='lat'>622</span> <span class='ocrx_word' id='word_1_106' title='bbox 1075 1991 1091 2018; x_wconf 88' lang='lat'>,</span> <span class='ocrx_word' id='word_1_107' title='bbox 1133 1967 1358 2008; x_wconf 79' lang='lat' dir='ltr'>vocatur</span> 
     </span>
     <span class='ocr_line' id='line_1_19' title="bbox 330 2031 1359 2105; baseline -0.001 -20"><span class='ocrx_word' id='word_1_108' title='bbox 330 2037 582 2085; x_wconf 76' lang='lat' dir='ltr'>roboreus.</span> <span class='ocrx_word' id='word_1_109' title='bbox 629 2031 734 2086; x_wconf 86' lang='lat' dir='ltr'>Sed</span> <span class='ocrx_word' id='word_1_110' title='bbox 773 2051 899 2087; x_wconf 77' lang='lat' dir='ltr'>cave</span> <span class='ocrx_word' id='word_1_111' title='bbox 937 2034 1028 2086; x_wconf 87' lang='lat' dir='ltr'>bic</span> <span class='ocrx_word' id='word_1_112' title='bbox 1064 2051 1162 2105; x_wconf 85' lang='lat' dir='ltr'>per</span> <span class='ocrx_word' id='word_1_113' title='bbox 1193 2033 1359 2085; x_wconf 85' lang='lat' dir='ltr'>robur</span> 
     </span>
     <span class='ocr_line' id='line_1_20' title="bbox 331 2111 1359 2182; baseline -0.001 -17"><span class='ocrx_word' id='word_1_114' title='bbox 331 2113 500 2165; x_wconf 76' lang='lat' dir='ltr'>solnm</span> <span class='ocrx_word' id='word_1_115' title='bbox 535 2111 779 2164; x_wconf 70' lang='lat' dir='ltr'>arborem</span> <span class='ocrx_word' id='word_1_116' title='bbox 820 2111 1100 2182; x_wconf 71' lang='lat' dir='ltr'><strong>intelligas.</strong></span> <span class='ocrx_word' id='word_1_117' title='bbox 1141 2113 1359 2177; x_wconf 66' lang='lat' dir='ltr'>Quaevis</span> 
     </span>
     <span class='ocr_line' id='line_1_21' title="bbox 329 2185 1362 2262; baseline -0.002 -18"><span class='ocrx_word' id='word_1_118' title='bbox 329 2190 585 2245; x_wconf 77' lang='lat' dir='ltr'>maehina</span> <span class='ocrx_word' id='word_1_119' title='bbox 612 2185 830 2262; x_wconf 78' lang='lat' dir='ltr'>grandis</span> <span class='ocrx_word' id='word_1_120' title='bbox 856 2210 887 2243; x_wconf 94' lang='lat' dir='ltr'>e</span> <span class='ocrx_word' id='word_1_121' title='bbox 907 2189 1189 2243; x_wconf 75' lang='lat' dir='ltr'>roboribus</span> <span class='ocrx_word' id='word_1_122' title='bbox 1219 2206 1362 2243; x_wconf 85' lang='lat' dir='ltr'>com-</span> 
     </span>
     <span class='ocr_line' id='line_1_22' title="bbox 329 2267 1352 2344; baseline -0.004 -20"><span class='ocrx_word' id='word_1_123' title='bbox 329 2283 486 2344; x_wconf 74' lang='lat' dir='ltr'>pacta</span> <span class='ocrx_word' id='word_1_124' title='bbox 505 2309 524 2336; x_wconf 91' lang='lat'>‚</span> <span class='ocrx_word' id='word_1_125' title='bbox 551 2271 640 2323; x_wconf 76' lang='lat' dir='ltr'>vel</span> <span class='ocrx_word' id='word_1_126' title='bbox 659 2270 809 2323; x_wconf 77' lang='lat' dir='ltr'>loeus</span> <span class='ocrx_word' id='word_1_127' title='bbox 835 2269 992 2340; x_wconf 78' lang='lat' dir='ltr'>tignis</span> <span class='ocrx_word' id='word_1_128' title='bbox 1013 2269 1246 2320; x_wconf 75' lang='lat' dir='ltr'>roboreis</span> <span class='ocrx_word' id='word_1_129' title='bbox 1270 2267 1352 2320; x_wconf 87' lang='lat' dir='ltr'>in·</span> 
     </span>
     <span class='ocr_line' id='line_1_23' title="bbox 329 2348 1352 2420; baseline -0.007 -16"><span class='ocrx_word' id='word_1_130' title='bbox 329 2354 534 2418; x_wconf 71' lang='lat' dir='ltr'>clusus,</span> <span class='ocrx_word' id='word_1_131' title='bbox 549 2352 716 2403; x_wconf 83' lang='lat' dir='ltr'>robur</span> <span class='ocrx_word' id='word_1_132' title='bbox 733 2363 971 2403; x_wconf 77' lang='lat' dir='ltr'>vocatur.</span> <span class='ocrx_word' id='word_1_133' title='bbox 991 2348 1091 2401; x_wconf 79' lang='lat' dir='ltr'>nie</span> <span class='ocrx_word' id='word_1_134' title='bbox 1109 2366 1242 2420; x_wconf 86' lang='lat' dir='ltr'>pons</span> <span class='ocrx_word' id='word_1_135' title='bbox 1256 2359 1352 2399; x_wconf 85' lang='lat' dir='ltr'>est.</span> 
     </span>
     <span class='ocr_line' id='line_1_24' title="bbox 329 2425 1351 2501; baseline -0.003 -20"><span class='ocrx_word' id='word_1_136' title='bbox 329 2430 558 2501; x_wconf 75' lang='lat' dir='ltr'>‘Virgilio</span> <span class='ocrx_word' id='word_1_137' title='bbox 575 2430 650 2483; x_wconf 77' lang='lat' dir='ltr'>sic</span> <span class='ocrx_word' id='word_1_138' title='bbox 670 2425 866 2483; x_wconf 81' lang='lat' dir='ltr'>dicitur</span> <span class='ocrx_word' id='word_1_139' title='bbox 883 2446 1053 2499; x_wconf 84' lang='lat' dir='ltr'>equus</span> <span class='ocrx_word' id='word_1_140' title='bbox 1070 2428 1351 2499; x_wconf 79' lang='lat' dir='ltr'>Trojanus,</span> 
     </span>
     <span class='ocr_line' id='line_1_25' title="bbox 330 2506 1353 2577; baseline -0.002 -17"><span class='ocrx_word' id='word_1_141' title='bbox 330 2510 449 2561; x_wconf 79' lang='lat' dir='ltr'>AEn.</span> <span class='ocrx_word' id='word_1_142' title='bbox 490 2510 572 2574; x_wconf 90' lang='lat'>11,</span> <span class='ocrx_word' id='word_1_143' title='bbox 624 2510 726 2561; x_wconf 75' lang='lat'>260</span> <span class='ocrx_word' id='word_1_144' title='bbox 749 2520 784 2563; x_wconf 75' lang='grc' dir='ltr'>’τ</span> <span class='ocrx_word' id='word_1_145' title='bbox 831 2534 856 2553; x_wconf 77' lang='grc' dir='ltr'>ιι</span> <span class='ocrx_word' id='word_1_146' title='bbox 881 2506 1090 2577; x_wconf 64' lang='lat' dir='ltr'>lotique</span> <span class='ocrx_word' id='word_1_147' title='bbox 1126 2524 1260 2559; x_wconf 80' lang='lat' dir='ltr'>cavo</span> <span class='ocrx_word' id='word_1_148' title='bbox 1295 2524 1353 2559; x_wconf 83' lang='lat' dir='ltr'>se</span> 
     </span>
    </p>
   </div>
   <div class='ocr_carea' id='block_1_6' title="bbox 1442 1084 2497 2420">
    <p class='ocr_par' dir='ltr' id='par_1_7' title="bbox 1442 1084 2471 1692">
     <span class='ocr_line' id='line_1_26' title="bbox 1447 1084 2471 1154; baseline 0.007 -18"><span class='ocrx_word' id='word_1_149' title='bbox 1447 1084 1642 1137; x_wconf 85' lang='lat' dir='ltr'>robore</span> <span class='ocrx_word' id='word_1_150' title='bbox 1662 1093 1945 1154; x_wconf 83' lang='lat' dir='ltr'>promunt·</span> <span class='ocrx_word' id='word_1_151' title='bbox 1960 1122 1973 1135; x_wconf 95' lang='lat'><strong>.</strong></span> <span class='ocrx_word' id='word_1_152' title='bbox 1997 1086 2159 1134; x_wconf 70' lang='lat' dir='ltr'>Robur</span> <span class='ocrx_word' id='word_1_153' title='bbox 2180 1086 2471 1144; x_wconf 72' lang='lat' dir='ltr'>vocabatur</span> 
     </span>
     <span class='ocr_line' id='line_1_27' title="bbox 1446 1160 2468 1233; baseline 0.007 -19"><span class='ocrx_word' id='word_1_154' title='bbox 1446 1163 1627 1214; x_wconf 66' lang='lat' dir='ltr'>Roma</span> <span class='ocrx_word' id='word_1_155' title='bbox 1646 1179 1845 1225; x_wconf 77' lang='lat' dir='ltr'>carcer,</span> <span class='ocrx_word' id='word_1_156' title='bbox 1871 1161 1956 1213; x_wconf 79' lang='lat' dir='ltr'>vei</span> <span class='ocrx_word' id='word_1_157' title='bbox 1978 1160 2127 1214; x_wconf 86' lang='lat' dir='ltr'>locus</span> <span class='ocrx_word' id='word_1_158' title='bbox 2152 1161 2206 1215; x_wconf 89' lang='lat' dir='ltr'>in</span> <span class='ocrx_word' id='word_1_159' title='bbox 2233 1182 2468 1233; x_wconf 75' lang='lat' dir='ltr'>carcere,</span> 
     </span>
     <span class='ocr_line' id='line_1_28' title="bbox 1444 1234 2465 1319; baseline 0.008 -26"><span class='ocrx_word' id='word_1_160' title='bbox 1444 1259 1553 1314; x_wconf 86' lang='lat' dir='ltr'>qno</span> <span class='ocrx_word' id='word_1_161' title='bbox 1581 1234 2065 1313; x_wconf 65' lang='lat' dir='ltr'>primzipitszantur¹</span> <span class='ocrx_word' id='word_1_162' title='bbox 2090 1242 2317 1296; x_wconf 79' lang='lat' dir='ltr'>malefici</span> <span class='ocrx_word' id='word_1_163' title='bbox 2333 1285 2348 1311; x_wconf 90' lang='lat'>,</span> <span class='ocrx_word' id='word_1_164' title='bbox 2372 1251 2465 1319; x_wconf 86' lang='lat' dir='ltr'>qui</span> 
     </span>
     <span class='ocr_line' id='line_1_29' title="bbox 1445 1320 2467 1393; baseline 0.005 -19"><span class='ocrx_word' id='word_1_165' title='bbox 1445 1335 1571 1375; x_wconf 80' lang='lat' dir='ltr'>ante</span> <span class='ocrx_word' id='word_1_166' title='bbox 1590 1323 1725 1375; x_wconf 77' lang='lat' dir='ltr'>arcis</span> <span class='ocrx_word' id='word_1_167' title='bbox 1752 1320 2013 1374; x_wconf 72' lang='lat' dir='ltr'>robusteis</span> <span class='ocrx_word' id='word_1_168' title='bbox 2037 1320 2467 1393; x_wconf 78' lang='lat' dir='ltr'>includebantur,</span> 
     </span>
     <span class='ocr_line' id='line_1_30' title="bbox 1445 1400 2469 1458; baseline 0.005 -5"><span class='ocrx_word' id='word_1_169' title='bbox 1445 1413 1575 1454; x_wconf 77' lang='lat' dir='ltr'>teste</span> <span class='ocrx_word' id='word_1_170' title='bbox 1604 1401 1779 1455; x_wconf 76' lang='lat' dir='ltr'>Festo.</span> <span class='ocrx_word' id='word_1_171' title='bbox 1805 1431 1879 1442; x_wconf 85' lang='lat'>—</span> <span class='ocrx_word' id='word_1_172' title='bbox 1904 1401 1971 1453; x_wconf 86' lang='lat' dir='ltr'>Et</span> <span class='ocrx_word' id='word_1_173' title='bbox 1997 1400 2231 1455; x_wconf 80' lang='lat' dir='ltr'>similiter</span> <span class='ocrx_word' id='word_1_174' title='bbox 2256 1409 2469 1458; x_wconf 74' lang='lat' dir='ltr'>Robora-</span> 
     </span>
     <span class='ocr_line' id='line_1_31' title="bbox 1443 1479 2468 1554; baseline 0.009 -24"><span class='ocrx_word' id='word_1_175' title='bbox 1443 1483 1565 1531; x_wconf 80' lang='lat' dir='ltr'>rium</span> <span class='ocrx_word' id='word_1_176' title='bbox 1584 1479 1728 1554; x_wconf 82' lang='lat' dir='ltr'>apud</span> <span class='ocrx_word' id='word_1_177' title='bbox 1743 1479 1997 1544; x_wconf 83' lang='lat' dir='ltr'>Gellium,</span> <span class='ocrx_word' id='word_1_178' title='bbox 2015 1479 2090 1544; x_wconf 90' lang='lat'>11,</span> <span class='ocrx_word' id='word_1_179' title='bbox 2112 1487 2196 1546; x_wconf 75' lang='lat' dir='ltr'>nd,</span> <span class='ocrx_word' id='word_1_180' title='bbox 2208 1481 2468 1539; x_wconf 79' lang='lat' dir='ltr'>vivarium</span> 
     </span>
     <span class='ocr_line' id='line_1_32' title="bbox 1442 1556 2467 1632; baseline 0.006 -20"><span class='ocrx_word' id='word_1_181' title='bbox 1442 1558 1655 1620; x_wconf 85' lang='lat' dir='ltr'>dicitur,</span> <span class='ocrx_word' id='word_1_182' title='bbox 1674 1556 1820 1632; x_wconf 88' lang='lat' dir='ltr'>quod</span> <span class='ocrx_word' id='word_1_183' title='bbox 1839 1558 2027 1611; x_wconf 76' lang='lat' dir='ltr'>tubulis</span> <span class='ocrx_word' id='word_1_184' title='bbox 2042 1560 2279 1616; x_wconf 76' lang='lat' dir='ltr'>roboreis</span> <span class='ocrx_word' id='word_1_185' title='bbox 2299 1563 2467 1618; x_wconf 87' lang='lat' dir='ltr'>inclu-</span> 
     </span>
     <span class='ocr_line' id='line_1_33' title="bbox 1443 1637 1745 1692; baseline 0.007 -4"><span class='ocrx_word' id='word_1_186' title='bbox 1443 1637 1499 1689; x_wconf 91' lang='lat' dir='ltr'>di</span> <span class='ocrx_word' id='word_1_187' title='bbox 1526 1639 1745 1692; x_wconf 77' lang='lat' dir='ltr'>solebat.</span> 
     </span>
    </p>

    <p class='ocr_par' dir='ltr' id='par_1_8' title="bbox 1442 1716 2497 2420">
     <span class='ocr_line' id='line_1_34' title="bbox 1518 1716 2497 1788; baseline 0.008 -20"><span class='ocrx_word' id='word_1_188' title='bbox 1518 1716 1567 1769; x_wconf 83' lang='lat'>3.</span> <span class='ocrx_word' id='word_1_189' title='bbox 1586 1723 1663 1768; x_wconf 83' lang='lat' dir='ltr'>Ae</span> <span class='ocrx_word' id='word_1_190' title='bbox 1684 1735 1830 1784; x_wconf 74' lang='lat' dir='ltr'>quum</span> <span class='ocrx_word' id='word_1_191' title='bbox 1856 1719 2068 1770; x_wconf 77' lang='lat' dir='ltr'>immittit</span> <span class='ocrx_word' id='word_1_192' title='bbox 2092 1718 2154 1772; x_wconf 93' lang='lat' dir='ltr'>C.</span> <span class='ocrx_word' id='word_1_193' title='bbox 2174 1736 2381 1788; x_wconf 74' lang='lat' dir='ltr'>praestet</span> <span class='ocrx_word' id='word_1_194' title='bbox 2398 1723 2462 1776; x_wconf 88' lang='grc' dir='ltr'>Ε.</span> <span class='ocrx_word' id='word_1_195' title='bbox 2490 1765 2497 1768; x_wconf 93' lang='grc'>-</span> 
     </span>
     <span class='ocr_line' id='line_1_35' title="bbox 1443 1797 2467 1874; baseline 0.009 -28"><span class='ocrx_word' id='word_1_196' title='bbox 1443 1827 1515 1836; x_wconf 96' lang='grc'>-</span> <span class='ocrx_word' id='word_1_197' title='bbox 1534 1801 1687 1848; x_wconf 82' lang='lat' dir='ltr'>Terra</span> <span class='ocrx_word' id='word_1_198' title='bbox 1723 1809 1886 1846; x_wconf 76' lang='lat' dir='ltr'>tamen</span> <span class='ocrx_word' id='word_1_199' title='bbox 1914 1798 2085 1862; x_wconf 80' lang='lat' dir='ltr'>mittit,</span> <span class='ocrx_word' id='word_1_200' title='bbox 2112 1797 2151 1848; x_wconf 90' lang='lat' dir='ltr'>i.</span> <span class='ocrx_word' id='word_1_201' title='bbox 2190 1817 2239 1851; x_wconf 90' lang='lat' dir='ltr'>e.</span> <span class='ocrx_word' id='word_1_202' title='bbox 2271 1818 2467 1874; x_wconf 85' lang='lat' dir='ltr'>suppe-</span> 
     </span>
     <span class='ocr_line' id='line_1_36' title="bbox 1446 1872 2467 1950; baseline 0.007 -25"><span class='ocrx_word' id='word_1_203' title='bbox 1446 1872 1605 1939; x_wconf 73' lang='lat' dir='ltr'>ditat,</span> <span class='ocrx_word' id='word_1_204' title='bbox 1626 1872 1859 1932; x_wconf 85' lang='lat' dir='ltr'>exhibet,</span> <span class='ocrx_word' id='word_1_205' title='bbox 1884 1875 2148 1945; x_wconf 75' lang='lat' dir='ltr'>suggerit:</span> <span class='ocrx_word' id='word_1_206' title='bbox 2176 1895 2370 1950; x_wconf 86' lang='lat' dir='ltr'>nempe</span> <span class='ocrx_word' id='word_1_207' title='bbox 2384 1898 2467 1932; x_wconf 86' lang='lat' dir='ltr'>ar-</span> 
     </span>
     <span class='ocr_line' id='line_1_37' title="bbox 1445 1951 2466 2024; baseline 0.008 -21"><span class='ocrx_word' id='word_1_208' title='bbox 1445 1953 1631 2018; x_wconf 84' lang='lat' dir='ltr'>bores,</span> <span class='ocrx_word' id='word_1_209' title='bbox 1662 1969 1694 2004; x_wconf 89' lang='lat' dir='ltr'>e</span> <span class='ocrx_word' id='word_1_210' title='bbox 1721 1951 1915 2023; x_wconf 77' lang='lat' dir='ltr'>quibus</span> <span class='ocrx_word' id='word_1_211' title='bbox 1936 1963 2070 2024; x_wconf 72' lang='lat' dir='ltr'>pons</span> <span class='ocrx_word' id='word_1_212' title='bbox 2103 1957 2431 2011; x_wconf 84' lang='lat' dir='ltr'>construitur</span> <span class='ocrx_word' id='word_1_213' title='bbox 2450 2003 2466 2024; x_wconf 89' lang='lat'>‚</span> 
     </span>
     <span class='ocr_line' id='line_1_38' title="bbox 1444 2030 2468 2111; baseline 0.007 -27"><span class='ocrx_word' id='word_1_214' title='bbox 1444 2042 1733 2085; x_wconf 77' lang='lat' dir='ltr'>nascuntur</span> <span class='ocrx_word' id='word_1_215' title='bbox 1749 2033 1803 2083; x_wconf 87' lang='lat' dir='ltr'>in</span> <span class='ocrx_word' id='word_1_216' title='bbox 1822 2043 1979 2085; x_wconf 80' lang='lat' dir='ltr'>terra.</span> <span class='ocrx_word' id='word_1_217' title='bbox 1997 2030 2083 2086; x_wconf 85' lang='lat' dir='ltr'>Sic</span> <span class='ocrx_word' id='word_1_218' title='bbox 2096 2034 2249 2106; x_wconf 80' lang='lat' dir='ltr'>Virg.</span> <span class='ocrx_word' id='word_1_219' title='bbox 2272 2035 2468 2111; x_wconf 83' lang='lat' dir='ltr'>Georg.</span> 
     </span>
     <span class='ocr_line' id='line_1_39' title="bbox 1449 2108 2471 2186; baseline 0.007 -23"><span class='ocrx_word' id='word_1_220' title='bbox 1449 2113 1499 2178; x_wconf 81' lang='lat' dir='ltr'>I,</span> <span class='ocrx_word' id='word_1_221' title='bbox 1530 2113 1595 2180; x_wconf 81' lang='lat'>57</span> <span class='ocrx_word' id='word_1_222' title='bbox 1616 2129 1631 2165; x_wconf 86' lang='lat'>:</span> <span class='ocrx_word' id='word_1_223' title='bbox 1656 2137 1680 2156; x_wconf 74' lang='grc' dir='ltr'>κ</span> <span class='ocrx_word' id='word_1_224' title='bbox 1702 2108 1858 2163; x_wconf 83' lang='lat' dir='ltr'>India</span> <span class='ocrx_word' id='word_1_225' title='bbox 1872 2111 2032 2163; x_wconf 81' lang='lat' dir='ltr'>mittit</span> <span class='ocrx_word' id='word_1_226' title='bbox 2049 2113 2183 2165; x_wconf 84' lang='lat' dir='ltr'>ebur</span> <span class='ocrx_word' id='word_1_227' title='bbox 2201 2123 2471 2186; x_wconf 80' lang='lat' dir='ltr'>·.—-Quod</span> 
     </span>
     <span class='ocr_line' id='line_1_40' title="bbox 1446 2189 2471 2264; baseline 0 -24"><span class='ocrx_word' id='word_1_228' title='bbox 1446 2205 1592 2242; x_wconf 69' lang='lat' dir='ltr'>terra·</span> <span class='ocrx_word' id='word_1_229' title='bbox 1612 2209 1817 2241; x_wconf 78' lang='lat' dir='ltr'>munem</span> <span class='ocrx_word' id='word_1_230' title='bbox 1834 2203 2043 2258; x_wconf 76' lang='lat' dir='ltr'>prestat,</span> <span class='ocrx_word' id='word_1_231' title='bbox 2067 2189 2123 2243; x_wconf 88' lang='lat' dir='ltr'>h.</span> <span class='ocrx_word' id='word_1_232' title='bbox 2151 2211 2198 2244; x_wconf 87' lang='lat' dir='ltr'>e.</span> <span class='ocrx_word' id='word_1_233' title='bbox 2229 2195 2374 2264; x_wconf 87' lang='lat' dir='ltr'>quod</span> <span class='ocrx_word' id='word_1_234' title='bbox 2392 2198 2471 2250; x_wconf 77' lang='lat' dir='ltr'>vi-</span> 
     </span>
     <span class='ocr_line' id='line_1_41' title="bbox 1447 2267 2467 2342; baseline 0.006 -20"><span class='ocrx_word' id='word_1_235' title='bbox 1447 2287 1509 2322; x_wconf 86' lang='lat' dir='ltr'>ce</span> <span class='ocrx_word' id='word_1_236' title='bbox 1536 2280 1685 2320; x_wconf 75' lang='lat' dir='ltr'>terroe</span> <span class='ocrx_word' id='word_1_237' title='bbox 1706 2267 1847 2320; x_wconf 80' lang='lat' dir='ltr'>viam</span> <span class='ocrx_word' id='word_1_238' title='bbox 1874 2282 1929 2321; x_wconf 86' lang='lat' dir='ltr'>et</span> <span class='ocrx_word' id='word_1_239' title='bbox 1946 2269 2221 2322; x_wconf 77' lang='lat' dir='ltr'>transitum</span> <span class='ocrx_word' id='word_1_240' title='bbox 2244 2274 2467 2342; x_wconf 74' lang='lat' dir='ltr'>praebet,</span> 
     </span>
     <span class='ocr_line' id='line_1_42' title="bbox 1442 2345 2461 2420; baseline 0.008 -20"><span class='ocrx_word' id='word_1_241' title='bbox 1442 2367 1505 2400; x_wconf 78' lang='lat' dir='ltr'>ac</span> <span class='ocrx_word' id='word_1_242' title='bbox 1529 2359 1765 2420; x_wconf 71' lang='lat' dir='ltr'>proestat,</span> <span class='ocrx_word' id='word_1_243' title='bbox 1793 2358 1852 2399; x_wconf 87' lang='lat' dir='ltr'>ut</span> <span class='ocrx_word' id='word_1_244' title='bbox 1880 2345 2043 2419; x_wconf 84' lang='lat' dir='ltr'>pedes</span> <span class='ocrx_word' id='word_1_245' title='bbox 2084 2350 2256 2403; x_wconf 79' lang='lat' dir='ltr'>viator</span> <span class='ocrx_word' id='word_1_246' title='bbox 2279 2355 2461 2408; x_wconf 72' lang='lat' dir='ltr'>ambu-</span> 
     </span>
    </p>
   </div>
   <div class='ocr_carea' id='block_1_7' title="bbox 1439 2426 2461 2575">
    <p class='ocr_par' dir='ltr' id='par_1_9' title="bbox 1439 2426 2461 2575">
     <span class='ocr_line' id='line_1_43' title="bbox 1440 2426 2461 2499; baseline 0 -22"><span class='ocrx_word' id='word_1_247' title='bbox 1440 2426 1551 2479; x_wconf 78' lang='lat' dir='ltr'>lare</span> <span class='ocrx_word' id='word_1_248' title='bbox 1576 2444 1673 2498; x_wconf 87' lang='lat' dir='ltr'>per</span> <span class='ocrx_word' id='word_1_249' title='bbox 1709 2437 1925 2497; x_wconf 86' lang='lat' dir='ltr'>pontem</span> <span class='ocrx_word' id='word_1_250' title='bbox 1942 2466 1959 2491; x_wconf 86' lang='lat'>‚</span> <span class='ocrx_word' id='word_1_251' title='bbox 1986 2438 2259 2499; x_wconf 69' lang='lat' dir='ltr'>tamquam</span> <span class='ocrx_word' id='word_1_252' title='bbox 2302 2442 2461 2487; x_wconf 72' lang='lat' dir='ltr'>terre.</span> 
     </span>
     <span class='ocr_line' id='line_1_44' title="bbox 1439 2503 1981 2575; baseline -0.006 -19"><span class='ocrx_word' id='word_1_253' title='bbox 1439 2504 1534 2557; x_wconf 80' lang='lat' dir='ltr'>stri</span> <span class='ocrx_word' id='word_1_254' title='bbox 1560 2503 1775 2569; x_wconf 85' lang='lat' dir='ltr'>itinere,</span> <span class='ocrx_word' id='word_1_255' title='bbox 1800 2504 1981 2575; x_wconf 83' lang='lat' dir='ltr'>possit.</span> 
     </span>
    </p>
   </div>
   <div class='ocr_carea' id='block_1_8' title="bbox 915 2786 1803 2887">
    <p class='ocr_par' dir='ltr' id='par_1_10' title="bbox 915 2786 1803 2887">
     <span class='ocr_line' id='line_1_45' title="bbox 915 2786 1803 2887; baseline -0.009 1"><span class='ocrx_word' id='word_1_256' title='bbox 915 2786 920 2791; x_wconf 72' lang='grc'><strong>’</strong></span> <span class='ocrx_word' id='word_1_257' title='bbox 993 2820 1248 2887; x_wconf 75' lang='lat' dir='ltr'>Lxu.</span> <span class='ocrx_word' id='word_1_258' title='bbox 1305 2798 1803 2885; x_wconf 75' lang='lat' dir='ltr'>s&#39;PoNolA.</span> 
     </span>
    </p>
   </div>
   <div class='ocr_carea' id='block_1_9' title="bbox 425 2963 2463 3285">
    <p class='ocr_par' dir='ltr' id='par_1_11' title="bbox 425 2963 2463 3285">
     <span class='ocr_line' id='line_1_46' title="bbox 425 2963 2463 3064; baseline 0.001 -25"><span class='ocrx_word' id='word_1_259' title='bbox 425 2973 588 3040; x_wconf 12' lang='lat' dir='ltr'>IPs‘A</span> <span class='ocrx_word' id='word_1_260' title='bbox 620 2970 840 3064; x_wconf 84' lang='lat' dir='ltr'>gravis</span> <span class='ocrx_word' id='word_1_261' title='bbox 866 2989 1004 3037; x_wconf 89' lang='lat' dir='ltr'>non</span> <span class='ocrx_word' id='word_1_262' title='bbox 1037 2990 1220 3053; x_wconf 87' lang='lat' dir='ltr'>sum,</span> <span class='ocrx_word' id='word_1_263' title='bbox 1267 2964 1381 3034; x_wconf 87' lang='lat' dir='ltr'>sed</span> <span class='ocrx_word' id='word_1_264' title='bbox 1423 2989 1613 3058; x_wconf 83' lang='lat' dir='ltr'>aquae</span> <span class='ocrx_word' id='word_1_265' title='bbox 1654 2963 1821 3031; x_wconf 87' lang='lat' dir='ltr'>mihi</span> <span class='ocrx_word' id='word_1_266' title='bbox 1857 2964 2118 3059; x_wconf 88' lang='lat' dir='ltr'>pondus</span> <span class='ocrx_word' id='word_1_267' title='bbox 2147 2967 2463 3060; x_wconf 80' lang='lat' dir='ltr'>inhaeret3</span> 
     </span>
     <span class='ocr_line' id='line_1_47' title="bbox 427 3065 2076 3169; baseline -0.004 -20"><span class='ocrx_word' id='word_1_268' title='bbox 427 3080 700 3149; x_wconf 83' lang='lat' dir='ltr'>Viscera</span> <span class='ocrx_word' id='word_1_269' title='bbox 735 3093 876 3148; x_wconf 85' lang='lat' dir='ltr'>tota</span> <span class='ocrx_word' id='word_1_270' title='bbox 909 3090 1170 3146; x_wconf 85' lang='lat' dir='ltr'>tument</span> <span class='ocrx_word' id='word_1_271' title='bbox 1195 3073 1439 3169; x_wconf 84' lang='lat' dir='ltr'>patulis</span> <span class='ocrx_word' id='word_1_272' title='bbox 1471 3065 1714 3141; x_wconf 80' lang='lat' dir='ltr'>diffusa</span> <span class='ocrx_word' id='word_1_273' title='bbox 1746 3075 2076 3163; x_wconf 83' lang='lat' dir='ltr'>cavernis3</span> 
     </span>
     <span class='ocr_line' id='line_1_48' title="bbox 427 3184 2298 3285; baseline -0.002 -27"><span class='ocrx_word' id='word_1_274' title='bbox 427 3194 623 3260; x_wconf 86' lang='lat' dir='ltr'>Intus</span> <span class='ocrx_word' id='word_1_275' title='bbox 661 3188 933 3285; x_wconf 85' lang='lat' dir='ltr'><strong>lympha</strong></span> <span class='ocrx_word' id='word_1_276' title='bbox 971 3187 1162 3271; x_wconf 86' lang='lat' dir='ltr'>latet,</span> <span class='ocrx_word' id='word_1_277' title='bbox 1213 3184 1326 3254; x_wconf 85' lang='lat' dir='ltr'>sed</span> <span class='ocrx_word' id='word_1_278' title='bbox 1365 3210 1505 3255; x_wconf 89' lang='lat' dir='ltr'>non</span> <span class='ocrx_word' id='word_1_279' title='bbox 1544 3210 1613 3252; x_wconf 89' lang='lat' dir='ltr'>se</span> <span class='ocrx_word' id='word_1_280' title='bbox 1658 3197 1895 3277; x_wconf 89' lang='lat' dir='ltr'>sponte</span> <span class='ocrx_word' id='word_1_281' title='bbox 1932 3184 2298 3279; x_wconf 85' lang='lat' dir='ltr'>profundit.</span> 
     </span>
    </p>
   </div>
   <div class='ocr_carea' id='block_1_10' title="bbox 329 3348 1354 3976">
    <p class='ocr_par' dir='ltr' id='par_1_12' title="bbox 329 3348 1350 3581">
     <span class='ocr_line' id='line_1_49' title="bbox 407 3348 1350 3404; baseline -0.005 -1"><span class='ocrx_word' id='word_1_282' title='bbox 407 3370 453 3404; x_wconf 82' lang='grc' dir='ltr'>ι.</span> <span class='ocrx_word' id='word_1_283' title='bbox 471 3355 692 3403; x_wconf 70' lang='lat' dir='ltr'>luberet</span> <span class='ocrx_word' id='word_1_284' title='bbox 715 3354 777 3403; x_wconf 81' lang='lat' dir='ltr'>A.</span> <span class='ocrx_word' id='word_1_285' title='bbox 799 3362 850 3402; x_wconf 90' lang='lat' dir='ltr'>et</span> <span class='ocrx_word' id='word_1_286' title='bbox 877 3352 941 3403; x_wconf 83' lang='lat' dir='ltr'>C.</span> <span class='ocrx_word' id='word_1_287' title='bbox 962 3360 1012 3402; x_wconf 86' lang='lat' dir='ltr'>et</span> <span class='ocrx_word' id='word_1_288' title='bbox 1043 3350 1110 3401; x_wconf 88' lang='lat' dir='ltr'>D.</span> <span class='ocrx_word' id='word_1_289' title='bbox 1139 3360 1192 3401; x_wconf 82' lang='lat' dir='ltr'>et</span> <span class='ocrx_word' id='word_1_290' title='bbox 1217 3348 1278 3401; x_wconf 86' lang='lat' dir='ltr'>E.</span> <span class='ocrx_word' id='word_1_291' title='bbox 1298 3359 1350 3401; x_wconf 87' lang='lat' dir='ltr'>et</span> 
     </span>
     <span class='ocr_line' id='line_1_50' title="bbox 329 3428 1350 3507; baseline -0.005 -24"><span class='ocrx_word' id='word_1_292' title='bbox 329 3430 448 3485; x_wconf 83' lang='lat' dir='ltr'>Per.</span> <span class='ocrx_word' id='word_1_293' title='bbox 465 3443 520 3485; x_wconf 85' lang='lat' dir='ltr'>et</span> <span class='ocrx_word' id='word_1_294' title='bbox 534 3431 881 3507; x_wconf 36' lang='lat' dir='ltr'>Pithzinhaesit</span> <span class='ocrx_word' id='word_1_295' title='bbox 894 3430 1040 3483; x_wconf 74' lang='lat' dir='ltr'>Cast.</span> <span class='ocrx_word' id='word_1_296' title='bbox 1058 3428 1146 3482; x_wconf 84' lang='lat' dir='ltr'>eui</span> <span class='ocrx_word' id='word_1_297' title='bbox 1162 3438 1350 3481; x_wconf 75' lang='lat' dir='ltr'>caetera</span> 
     </span>
     <span class='ocr_line' id='line_1_51' title="bbox 329 3508 936 3581; baseline 0 -18"><span class='ocrx_word' id='word_1_298' title='bbox 329 3530 439 3565; x_wconf 82' lang='lat' dir='ltr'>non</span> <span class='ocrx_word' id='word_1_299' title='bbox 464 3508 802 3581; x_wconf 78' lang='lat' dir='ltr'>respondent.</span> <span class='ocrx_word' id='word_1_300' title='bbox 829 3510 936 3563; x_wconf 79' lang='lat' dir='ltr'>En.</span> 
     </span>
    </p>

    <p class='ocr_par' dir='ltr' id='par_1_13' title="bbox 329 3586 1354 3976">
     <span class='ocr_line' id='line_1_52' title="bbox 405 3586 1352 3641; baseline 0 0"><span class='ocrx_word' id='word_1_301' title='bbox 405 3608 454 3641; x_wconf 78' lang='lat'>2.</span> <span class='ocrx_word' id='word_1_302' title='bbox 490 3594 612 3641; x_wconf 81' lang='lat' dir='ltr'>Tota</span> <span class='ocrx_word' id='word_1_303' title='bbox 640 3603 824 3639; x_wconf 79' lang='lat' dir='ltr'>tument</span> <span class='ocrx_word' id='word_1_304' title='bbox 854 3588 916 3639; x_wconf 76' lang='lat' dir='ltr'>A.</span> <span class='ocrx_word' id='word_1_305' title='bbox 946 3602 1001 3641; x_wconf 87' lang='lat' dir='ltr'>et</span> <span class='ocrx_word' id='word_1_306' title='bbox 1041 3588 1104 3639; x_wconf 88' lang='lat' dir='ltr'>B.</span> <span class='ocrx_word' id='word_1_307' title='bbox 1136 3599 1190 3639; x_wconf 81' lang='lat' dir='ltr'>et</span> <span class='ocrx_word' id='word_1_308' title='bbox 1217 3586 1278 3639; x_wconf 87' lang='lat' dir='ltr'>C.</span> <span class='ocrx_word' id='word_1_309' title='bbox 1298 3601 1352 3641; x_wconf 80' lang='lat' dir='ltr'>et</span> 
     </span>
     <span class='ocr_line' id='line_1_53' title="bbox 331 3666 1352 3721; baseline -0.005 0"><span class='ocrx_word' id='word_1_310' title='bbox 331 3668 446 3721; x_wconf 73' lang='lat' dir='ltr'>Per.</span> <span class='ocrx_word' id='word_1_311' title='bbox 485 3680 542 3721; x_wconf 83' lang='lat' dir='ltr'>et</span> <span class='ocrx_word' id='word_1_312' title='bbox 577 3666 720 3719; x_wconf 85' lang='lat' dir='ltr'>Pith.</span> <span class='ocrx_word' id='word_1_313' title='bbox 753 3681 858 3719; x_wconf 77' lang='lat' dir='ltr'>tota</span> <span class='ocrx_word' id='word_1_314' title='bbox 905 3682 1066 3718; x_wconf 70' lang='lat' dir='ltr'>tarne-n</span> <span class='ocrx_word' id='word_1_315' title='bbox 1117 3666 1258 3719; x_wconf 74' lang='lat' dir='ltr'>Cast.</span> <span class='ocrx_word' id='word_1_316' title='bbox 1279 3695 1352 3705; x_wconf 95' lang='lat'>-—</span> 
     </span>
     <span class='ocr_line' id='line_1_54' title="bbox 333 3744 1349 3809; baseline -0.004 -9"><span class='ocrx_word' id='word_1_317' title='bbox 333 3752 536 3799; x_wconf 70' lang='lat' dir='ltr'>Viscera</span> <span class='ocrx_word' id='word_1_318' title='bbox 573 3758 678 3797; x_wconf 77' lang='lat' dir='ltr'>tnta</span> <span class='ocrx_word' id='word_1_319' title='bbox 715 3759 914 3797; x_wconf 72' lang='grc' dir='ltr'>ειιωεηι.</span> <span class='ocrx_word' id='word_1_320' title='bbox 955 3744 1044 3797; x_wconf 82' lang='lat' dir='ltr'>Sic</span> <span class='ocrx_word' id='word_1_321' title='bbox 1067 3744 1349 3809; x_wconf 66' lang='lat' dir='ltr'>Martinus,</span> 
     </span>
     <span class='ocr_line' id='line_1_55' title="bbox 329 3822 1352 3896; baseline -0.002 -19"><span class='ocrx_word' id='word_1_322' title='bbox 329 3825 480 3884; x_wconf 78' lang='lat' dir='ltr'><strong>xlv,</strong></span> <span class='ocrx_word' id='word_1_323' title='bbox 503 3831 633 3889; x_wconf 69' lang='lat'>141:</span> <span class='ocrx_word' id='word_1_324' title='bbox 657 3822 960 3895; x_wconf 71' lang='lat' dir='ltr'>«tergendis</span> <span class='ocrx_word' id='word_1_325' title='bbox 979 3823 1196 3896; x_wconf 77' lang='lat' dir='ltr'>spongia</span> <span class='ocrx_word' id='word_1_326' title='bbox 1211 3840 1352 3875; x_wconf 87' lang='lat' dir='ltr'>men-</span> 
     </span>
     <span class='ocr_line' id='line_1_56' title="bbox 331 3901 1354 3976; baseline -0.001 -22"><span class='ocrx_word' id='word_1_327' title='bbox 331 3904 400 3957; x_wconf 78' lang='lat' dir='ltr'>sis</span> <span class='ocrx_word' id='word_1_328' title='bbox 408 3903 832 3975; x_wconf 78' lang='lat' dir='ltr'>Utilis,expre⁸so</span> <span class='ocrx_word' id='word_1_329' title='bbox 848 3922 1020 3976; x_wconf 79' lang='lat' dir='ltr'>quum</span> <span class='ocrx_word' id='word_1_330' title='bbox 1033 3902 1166 3955; x_wconf 82' lang='lat' dir='ltr'>levis</span> <span class='ocrx_word' id='word_1_331' title='bbox 1183 3901 1354 3953; x_wconf 86' lang='lat' dir='ltr'>imbre</span> 
     </span>
    </p>
   </div>
   <div class='ocr_carea' id='block_1_11' title="bbox 1436 3345 2463 3971">
    <p class='ocr_par' dir='ltr' id='par_1_14' title="bbox 1436 3345 2459 3795">
     <span class='ocr_line' id='line_1_57' title="bbox 1437 3345 2459 3417; baseline 0.007 -19"><span class='ocrx_word' id='word_1_332' title='bbox 1437 3345 1693 3417; x_wconf 82' lang='lat' dir='ltr'>quoniam</span> <span class='ocrx_word' id='word_1_333' title='bbox 1740 3362 1799 3397; x_wconf 72' lang='lat' dir='ltr'>en</span> <span class='ocrx_word' id='word_1_334' title='bbox 1834 3346 2033 3399; x_wconf 80' lang='lat' dir='ltr'>viscera</span> <span class='ocrx_word' id='word_1_335' title='bbox 2060 3348 2233 3401; x_wconf 78' lang='lat' dir='ltr'>lanta</span> <span class='ocrx_word' id='word_1_336' title='bbox 2260 3362 2313 3402; x_wconf 86' lang='lat' dir='ltr'>et</span> <span class='ocrx_word' id='word_1_337' title='bbox 2348 3350 2459 3406; x_wconf 77' lang='lat' dir='ltr'>dis-</span> 
     </span>
     <span class='ocr_line' id='line_1_58' title="bbox 1437 3424 2458 3485; baseline 0.008 -8"><span class='ocrx_word' id='word_1_338' title='bbox 1437 3436 1583 3477; x_wconf 84' lang='lat' dir='ltr'>tenta</span> <span class='ocrx_word' id='word_1_339' title='bbox 1610 3436 1732 3477; x_wconf 84' lang='lat' dir='ltr'>sunt</span> <span class='ocrx_word' id='word_1_340' title='bbox 1760 3424 1962 3479; x_wconf 72' lang='lat' dir='ltr'>crebris</span> <span class='ocrx_word' id='word_1_341' title='bbox 1984 3428 2131 3480; x_wconf 78' lang='lat' dir='ltr'>cavis</span> <span class='ocrx_word' id='word_1_342' title='bbox 2167 3438 2219 3479; x_wconf 92' lang='lat' dir='ltr'>et</span> <span class='ocrx_word' id='word_1_343' title='bbox 2246 3429 2458 3485; x_wconf 78' lang='lat' dir='ltr'>forami-</span> 
     </span>
     <span class='ocr_line' id='line_1_59' title="bbox 1436 3502 2457 3573; baseline 0.005 -16"><span class='ocrx_word' id='word_1_344' title='bbox 1436 3504 1593 3557; x_wconf 79' lang='lat' dir='ltr'>nibus</span> <span class='ocrx_word' id='word_1_345' title='bbox 1610 3502 1925 3573; x_wconf 73' lang='lat' dir='ltr'>patentibus.</span> <span class='ocrx_word' id='word_1_346' title='bbox 1962 3504 2047 3557; x_wconf 87' lang='lat' dir='ltr'>Sic</span> <span class='ocrx_word' id='word_1_347' title='bbox 2079 3516 2219 3561; x_wconf 76' lang='lat' dir='ltr'>terra</span> <span class='ocrx_word' id='word_1_348' title='bbox 2248 3512 2356 3561; x_wconf 68' lang='lat' dir='ltr'>totis</span> <span class='ocrx_word' id='word_1_349' title='bbox 2394 3517 2457 3562; x_wconf 81' lang='lat' dir='ltr'>n·-</span> 
     </span>
     <span class='ocr_line' id='line_1_60' title="bbox 1437 3584 2458 3658; baseline 0.009 -24"><span class='ocrx_word' id='word_1_350' title='bbox 1437 3602 1579 3635; x_wconf 85' lang='lat' dir='ltr'>mosa</span> <span class='ocrx_word' id='word_1_351' title='bbox 1612 3584 1743 3632; x_wconf 71' lang='lat' dir='ltr'>cavis</span> <span class='ocrx_word' id='word_1_352' title='bbox 1772 3591 1826 3633; x_wconf 81' lang='lat' dir='ltr'>et</span> <span class='ocrx_word' id='word_1_353' title='bbox 1842 3586 2011 3635; x_wconf 77' lang='lat' dir='ltr'>crebro</span> <span class='ocrx_word' id='word_1_354' title='bbox 2036 3588 2273 3639; x_wconf 69' lang='lat' dir='ltr'>intr-orsus</span> <span class='ocrx_word' id='word_1_355' title='bbox 2299 3596 2458 3658; x_wconf 80' lang='lat' dir='ltr'>spatio</span> 
     </span>
     <span class='ocr_line' id='line_1_61' title="bbox 1437 3658 2459 3733; baseline 0.008 -20"><span class='ocrx_word' id='word_1_356' title='bbox 1437 3675 1662 3713; x_wconf 78' lang='lat' dir='ltr'>vacuata</span> <span class='ocrx_word' id='word_1_357' title='bbox 1702 3658 1901 3713; x_wconf 84' lang='lat' dir='ltr'>dicitur</span> <span class='ocrx_word' id='word_1_358' title='bbox 1948 3680 1977 3715; x_wconf 71' lang='lat' dir='ltr'><strong>a</strong></span> <span class='ocrx_word' id='word_1_359' title='bbox 2024 3665 2265 3733; x_wconf 71' lang='lat' dir='ltr'>Lucilio,</span> <span class='ocrx_word' id='word_1_360' title='bbox 2316 3672 2459 3721; x_wconf 82' lang='lat' dir='ltr'>AEtn.</span> 
     </span>
     <span class='ocr_line' id='line_1_62' title="bbox 1440 3738 1837 3795; baseline -0.008 -1"><span class='ocrx_word' id='word_1_361' title='bbox 1440 3762 1492 3795; x_wconf 79' lang='lat' dir='ltr'>v.</span> <span class='ocrx_word' id='word_1_362' title='bbox 1524 3741 1620 3793; x_wconf 83' lang='lat'>103</span> <span class='ocrx_word' id='word_1_363' title='bbox 1642 3750 1695 3792; x_wconf 85' lang='lat' dir='ltr'>et</span> <span class='ocrx_word' id='word_1_364' title='bbox 1722 3738 1837 3792; x_wconf 82' lang='lat'><strong>105.</strong></span> 
     </span>
    </p>

    <p class='ocr_par' dir='ltr' id='par_1_15' title="bbox 1439 3818 2463 3971">
     <span class='ocr_line' id='line_1_63' title="bbox 1515 3818 2463 3891; baseline 0.002 -18"><span class='ocrx_word' id='word_1_365' title='bbox 1515 3822 1565 3873; x_wconf 83' lang='lat'>3.</span> <span class='ocrx_word' id='word_1_366' title='bbox 1598 3825 1742 3869; x_wconf 70' lang='lat' dir='ltr'>Iacet</span> <span class='ocrx_word' id='word_1_367' title='bbox 1772 3818 1831 3871; x_wconf 91' lang='lat' dir='ltr'>C.</span> <span class='ocrx_word' id='word_1_368' title='bbox 1860 3822 2128 3889; x_wconf 76' lang='lat' dir='ltr'>profimdet</span> <span class='ocrx_word' id='word_1_369' title='bbox 2153 3824 2219 3875; x_wconf 92' lang='lat' dir='ltr'>D.</span> <span class='ocrx_word' id='word_1_370' title='bbox 2247 3826 2463 3891; x_wconf 71' lang='lat' dir='ltr'>refitmlit</span> 
     </span>
     <span class='ocr_line' id='line_1_64' title="bbox 1439 3896 2455 3971; baseline 0.003 -20"><span class='ocrx_word' id='word_1_371' title='bbox 1439 3900 1558 3951; x_wconf 82' lang='lat' dir='ltr'>Per.</span> <span class='ocrx_word' id='word_1_372' title='bbox 1586 3910 1639 3949; x_wconf 82' lang='lat' dir='ltr'>et</span> <span class='ocrx_word' id='word_1_373' title='bbox 1662 3896 1868 3950; x_wconf 87' lang='lat' dir='ltr'>Schott.</span> <span class='ocrx_word' id='word_1_374' title='bbox 1921 3930 1989 3939; x_wconf 91' lang='lat'>—</span> <span class='ocrx_word' id='word_1_375' title='bbox 2016 3906 2117 3953; x_wconf 72' lang='lat' dir='ltr'>Sed</span> <span class='ocrx_word' id='word_1_376' title='bbox 2147 3922 2247 3953; x_wconf 80' lang='lat' dir='ltr'>non</span> <span class='ocrx_word' id='word_1_377' title='bbox 2284 3918 2455 3971; x_wconf 76' lang='lat' dir='ltr'>sponte</span> 
     </span>
    </p>
   </div>
   <div class='ocr_carea' id='block_1_12' title="bbox 327 3976 2455 4051">
    <p class='ocr_par' dir='ltr' id='par_1_16' title="bbox 327 3976 2455 4051">
     <span class='ocr_line' id='line_1_65' title="bbox 327 3976 2455 4051; baseline 0.001 -19"><span class='ocrx_word' id='word_1_378' title='bbox 327 3993 496 4035; x_wconf 83' lang='lat' dir='ltr'>tumet</span> <span class='ocrx_word' id='word_1_379' title='bbox 507 4006 550 4034; x_wconf 78' lang='grc' dir='ltr'>ι.</span> <span class='ocrx_word' id='word_1_380' title='bbox 570 4012 642 4022; x_wconf 91' lang='grc'>--</span> <span class='ocrx_word' id='word_1_381' title='bbox 666 3985 852 4035; x_wconf 77' lang='lat' dir='ltr'>Patalis</span> <span class='ocrx_word' id='word_1_382' title='bbox 879 3982 1071 4051; x_wconf 64' lang='lat' dir='ltr'>dffesa</span> <span class='ocrx_word' id='word_1_383' title='bbox 1101 3984 1322 4035; x_wconf 69' lang='lat' dir='ltr'>cavernis</span> <span class='ocrx_word' id='word_1_384' title='bbox 1335 4018 1350 4039; x_wconf 93' lang='lat'><strong><em>,</em></strong></span> <span class='ocrx_word' id='word_1_385' title='bbox 1433 3978 1715 4046; x_wconf 75' lang='lat' dir='ltr'>profundit,</span> <span class='ocrx_word' id='word_1_386' title='bbox 1726 3976 1829 4029; x_wconf 81' lang='lat' dir='ltr'>nisi</span> <span class='ocrx_word' id='word_1_387' title='bbox 1845 3994 2055 4049; x_wconf 74' lang='lat' dir='ltr'>premar</span> <span class='ocrx_word' id='word_1_388' title='bbox 2066 3980 2279 4035; x_wconf 80' lang='lat' dir='ltr'>seilicet.</span> <span class='ocrx_word' id='word_1_389' title='bbox 2294 3982 2455 4035; x_wconf 69' lang='lat' dir='ltr'>Cnr.</span> 
     </span>
    </p>
   </div>
   <div class='ocr_carea' id='block_1_13' title="bbox 1003 4121 1785 4155">
    <p class='ocr_par' dir='ltr' id='par_1_17' title="bbox 1003 4121 1785 4155">
     <span class='ocr_line' id='line_1_66' title="bbox 1003 4121 1785 4155; baseline -0.001 -4"><span class='ocrx_word' id='word_1_390' title='bbox 1003 4121 1785 4155; x_wconf 45' lang='grc' dir='ltr'>*ψ*</span> 
     </span>
    </p>
   </div>
   <div class='ocr_carea' id='block_1_14' title="bbox 2958 2416 2964 4395">
    <p class='ocr_par' dir='ltr' id='par_1_18' title="bbox 2958 2416 2964 4395">
     <span class='ocr_line' id='line_1_67' title="bbox 2958 2416 2964 4395; baseline 0 0"><span class='ocrx_word' id='word_1_391' title='bbox 2958 2416 2964 4395; x_wconf 95' lang='lat' dir='ltr'> </span> 
     </span>
    </p>
   </div>
  </div>
 </body>
</html>
