<?xml version="1.0" encoding="UTF-8"?>
<!DOCTYPE html PUBLIC "-//W3C//DTD XHTML 1.0 Transitional//EN"
    "http://www.w3.org/TR/xhtml1/DTD/xhtml1-transitional.dtd">
<html xmlns="http://www.w3.org/1999/xhtml" xml:lang="en" lang="en">
 <head>
  <title>
</title>
<meta http-equiv="Content-Type" content="text/html;charset=utf-8" />
  <meta name='ocr-system' content='tesseract 3.04.00' />
  <meta name='ocr-capabilities' content='ocr_page ocr_carea ocr_par ocr_line ocrx_word'/>
</head>
<body>
  <div class='ocr_page' id='page_1' title='image "./poetaelatinimin02unkngoog_0552.png"; bbox 0 0 2964 4690; ppageno 0'>
   <div class='ocr_carea' id='block_1_1' title="bbox 957 393 1942 465">
    <p class='ocr_par' dir='ltr' id='par_1_1' title="bbox 957 393 1942 465">
     <span class='ocr_line' id='line_1_1' title="bbox 957 393 1942 465; baseline 0.001 -4"><span class='ocrx_word' id='word_1_1' title='bbox 957 393 1942 465; x_wconf 83' lang='lat' dir='ltr'><strong>TECHNOPAEGNION.</strong></span> 
     </span>
    </p>
   </div>
   <div class='ocr_carea' id='block_1_2' title="bbox 2374 395 2513 484">
    <p class='ocr_par' dir='ltr' id='par_1_2' title="bbox 2374 395 2513 484">
     <span class='ocr_line' id='line_1_2' title="bbox 2374 395 2513 484; baseline 0.029 -16"><span class='ocrx_word' id='word_1_2' title='bbox 2374 395 2513 484; x_wconf 72' lang='lat'><strong>543</strong></span> 
     </span>
    </p>
   </div>
   <div class='ocr_carea' id='block_1_3' title="bbox 1138 617 1758 664">
    <p class='ocr_par' dir='ltr' id='par_1_3' title="bbox 1138 617 1758 664">
     <span class='ocr_line' id='line_1_3' title="bbox 1138 617 1758 664; baseline 0 0"><span class='ocrx_word' id='word_1_3' title='bbox 1138 619 1241 664; x_wconf 73' lang='lat' dir='ltr'><strong>DE</strong></span> <span class='ocrx_word' id='word_1_4' title='bbox 1290 617 1758 664; x_wconf 77' lang='lat' dir='ltr'><strong>HISTORIIS.</strong></span> 
     </span>
    </p>
   </div>
   <div class='ocr_carea' id='block_1_4' title="bbox 386 783 920 870">
    <p class='ocr_par' dir='ltr' id='par_1_4' title="bbox 386 783 920 870">
     <span class='ocr_line' id='line_1_4' title="bbox 386 783 920 870; baseline -0.002 -18"><span class='ocrx_word' id='word_1_5' title='bbox 386 787 724 856; x_wconf 68' lang='lat' dir='ltr'><strong>Somni-m</strong></span> <span class='ocrx_word' id='word_1_6' title='bbox 761 783 880 853; x_wconf 88' lang='lat' dir='ltr'><strong>tibi</strong></span> <span class='ocrx_word' id='word_1_7' title='bbox 901 837 920 870; x_wconf 88' lang='lat'>‚</span> 
     </span>
    </p>
   </div>
   <div class='ocr_carea' id='block_1_5' title="bbox 378 894 1860 1321">
    <p class='ocr_par' dir='ltr' id='par_1_5' title="bbox 378 894 1860 1321">
     <span class='ocr_line' id='line_1_5' title="bbox 386 894 1860 966; baseline 0.001 -4"><span class='ocrx_word' id='word_1_8' title='bbox 386 894 578 964; x_wconf 84' lang='lat' dir='ltr'><strong>Flore</strong></span> <span class='ocrx_word' id='word_1_9' title='bbox 608 894 740 965; x_wconf 86' lang='lat' dir='ltr'><strong>alio</strong></span> <span class='ocrx_word' id='word_1_10' title='bbox 777 921 931 966; x_wconf 87' lang='lat' dir='ltr'><strong>reus</strong></span> <span class='ocrx_word' id='word_1_11' title='bbox 966 911 1065 966; x_wconf 88' lang='lat' dir='ltr'><strong>est</strong></span> <span class='ocrx_word' id='word_1_12' title='bbox 1098 897 1391 966; x_wconf 85' lang='lat' dir='ltr'><strong>Narcissi</strong></span> <span class='ocrx_word' id='word_1_13' title='bbox 1425 909 1642 965; x_wconf 88' lang='lat' dir='ltr'><strong>morte</strong></span> <span class='ocrx_word' id='word_1_14' title='bbox 1677 920 1860 966; x_wconf 86' lang='lat' dir='ltr'><strong>sacer</strong></span> 
     </span>
     <span class='ocr_line' id='line_1_6' title="bbox 383 1004 1776 1102; baseline 0.002 -29"><span class='ocrx_word' id='word_1_15' title='bbox 383 1005 599 1074; x_wconf 85' lang='lat' dir='ltr'><strong>Caedis</strong></span> <span class='ocrx_word' id='word_1_16' title='bbox 636 1005 927 1076; x_wconf 85' lang='lat' dir='ltr'><strong>Adoneae</strong></span> <span class='ocrx_word' id='word_1_17' title='bbox 956 1004 1132 1076; x_wconf 87' lang='lat' dir='ltr'><strong>mala</strong></span> <span class='ocrx_word' id='word_1_18' title='bbox 1166 1004 1377 1102; x_wconf 82' lang='lat' dir='ltr'><strong>gloria</strong></span> <span class='ocrx_word' id='word_1_19' title='bbox 1415 1005 1776 1076; x_wconf 83' lang='lat' dir='ltr'><strong>fulmineus</strong></span> 
     </span>
     <span class='ocr_line' id='line_1_7' title="bbox 383 1115 1797 1212; baseline 0.004 -30"><span class='ocrx_word' id='word_1_20' title='bbox 383 1116 735 1210; x_wconf 76' lang='lat' dir='ltr'><strong>Pet-jurum</strong></span> <span class='ocrx_word' id='word_1_21' title='bbox 771 1117 1126 1212; x_wconf 83' lang='lat' dir='ltr'>Lapitham</span> <span class='ocrx_word' id='word_1_22' title='bbox 1162 1117 1455 1187; x_wconf 86' lang='lat' dir='ltr'><strong>Junonia</strong></span> <span class='ocrx_word' id='word_1_23' title='bbox 1497 1115 1797 1187; x_wconf 85' lang='lat' dir='ltr'><strong>ludificat</strong></span> 
     </span>
     <span class='ocr_line' id='line_1_8' title="bbox 378 1224 1834 1321; baseline 0.001 -28"><span class='ocrx_word' id='word_1_24' title='bbox 378 1225 585 1294; x_wconf 89' lang='lat' dir='ltr'><strong>Ludit</strong></span> <span class='ocrx_word' id='word_1_25' title='bbox 611 1241 678 1295; x_wconf 82' lang='lat' dir='ltr'><strong>et</strong></span> <span class='ocrx_word' id='word_1_26' title='bbox 704 1228 1019 1298; x_wconf 85' lang='lat' dir='ltr'><strong>AEaeiden</strong></span> <span class='ocrx_word' id='word_1_27' title='bbox 1045 1227 1393 1298; x_wconf 86' lang='lat' dir='ltr'><strong>Parnassia</strong></span> <span class='ocrx_word' id='word_1_28' title='bbox 1423 1224 1834 1321; x_wconf 74' lang='lat' dir='ltr'>Delphicolae</span> 
     </span>
    </p>
   </div>
   <div class='ocr_carea' id='block_1_6' title="bbox 965 784 2124 874">
    <p class='ocr_par' dir='ltr' id='par_1_6' title="bbox 965 784 2124 874">
     <span class='ocr_line' id='line_1_9' title="bbox 965 784 2124 874; baseline 0.002 -20"><span class='ocrx_word' id='word_1_29' title='bbox 965 784 1249 874; x_wconf 82' lang='lat' dir='ltr'><strong>Phoebe,</strong></span> <span class='ocrx_word' id='word_1_30' title='bbox 1290 809 1541 854; x_wconf 86' lang='lat' dir='ltr'><strong>novum</strong></span> <span class='ocrx_word' id='word_1_31' title='bbox 1579 784 1764 854; x_wconf 80' lang='lat' dir='ltr'>dedit</span> <span class='ocrx_word' id='word_1_32' title='bbox 1799 785 2124 857; x_wconf 83' lang='lat' dir='ltr'><strong>OEbalius</strong></span> 
     </span>
    </p>
   </div>
   <div class='ocr_carea' id='block_1_7' title="bbox 2269 790 2414 861">
    <p class='ocr_par' dir='ltr' id='par_1_7' title="bbox 2269 790 2414 861">
     <span class='ocr_line' id='line_1_10' title="bbox 2269 790 2414 861; baseline 0.021 -3"><span class='ocrx_word' id='word_1_33' title='bbox 2269 790 2414 861; x_wconf 88' lang='lat' dir='ltr'><strong>flos.</strong></span> 
     </span>
    </p>
   </div>
   <div class='ocr_carea' id='block_1_8' title="bbox 2245 899 2416 1082">
    <p class='ocr_par' dir='ltr' id='par_1_8' title="bbox 2245 899 2416 1082">
     <span class='ocr_line' id='line_1_11' title="bbox 2245 899 2411 970; baseline 0.012 -2"><span class='ocrx_word' id='word_1_34' title='bbox 2245 899 2411 970; x_wconf 77' lang='lat' dir='ltr'><strong>fons,</strong></span> 
     </span>
     <span class='ocr_line' id='line_1_12' title="bbox 2285 1037 2416 1082; baseline 0.023 -3"><span class='ocrx_word' id='word_1_35' title='bbox 2285 1037 2416 1082; x_wconf 75' lang='lat' dir='ltr'><strong>sus,</strong></span> 
     </span>
    </p>
   </div>
   <div class='ocr_carea' id='block_1_9' title="bbox 2217 1121 2411 1190">
    <p class='ocr_par' dir='ltr' id='par_1_9' title="bbox 2217 1121 2411 1190">
     <span class='ocr_line' id='line_1_13' title="bbox 2217 1121 2411 1190; baseline 0.01 -2"><span class='ocrx_word' id='word_1_36' title='bbox 2217 1121 2411 1190; x_wconf 76' lang='lat' dir='ltr'><strong>nubs·</strong></span> 
     </span>
    </p>
   </div>
   <div class='ocr_carea' id='block_1_10' title="bbox 2263 1251 2504 1300">
    <p class='ocr_par' dir='ltr' id='par_1_10' title="bbox 2263 1251 2504 1300">
     <span class='ocr_line' id='line_1_14' title="bbox 2263 1251 2504 1300; baseline 0.008 -1"><span class='ocrx_word' id='word_1_37' title='bbox 2263 1255 2423 1300; x_wconf 74' lang='lat' dir='ltr'>SOPS.</span> <span class='ocrx_word' id='word_1_38' title='bbox 2481 1251 2504 1289; x_wconf 86' lang='lat'>⁵</span> 
     </span>
    </p>
   </div>
   <div class='ocr_carea' id='block_1_11' title="bbox 378 1336 2408 1435">
    <p class='ocr_par' dir='ltr' id='par_1_11' title="bbox 378 1336 2408 1435">
     <span class='ocr_line' id='line_1_15' title="bbox 378 1336 2408 1435; baseline 0.002 -29"><span class='ocrx_word' id='word_1_39' title='bbox 378 1336 795 1427; x_wconf 88' lang='lat' dir='ltr'><strong>Threicium,</strong></span> <span class='ocrx_word' id='word_1_40' title='bbox 831 1339 1191 1435; x_wconf 83' lang='lat' dir='ltr'><strong>Libycum,</strong></span> <span class='ocrx_word' id='word_1_41' title='bbox 1228 1339 1427 1425; x_wconf 86' lang='lat' dir='ltr'><strong>freta,</strong></span> <span class='ocrx_word' id='word_1_42' title='bbox 1458 1339 2028 1432; x_wconf 84' lang='lat' dir='ltr'><strong>Cimmeriumque</strong></span> <span class='ocrx_word' id='word_1_43' title='bbox 2063 1354 2242 1408; x_wconf 83' lang='lat' dir='ltr'><strong>secat</strong></span> <span class='ocrx_word' id='word_1_44' title='bbox 2265 1339 2408 1410; x_wconf 89' lang='lat' dir='ltr'><strong>bos.</strong></span> 
     </span>
    </p>
   </div>
   <div class='ocr_carea' id='block_1_12' title="bbox 353 1525 1393 4053">
    <p class='ocr_par' dir='ltr' id='par_1_12' title="bbox 368 1525 1393 1991">
     <span class='ocr_line' id='line_1_16' title="bbox 450 1525 1393 1600; baseline 0.002 -22"><span class='ocrx_word' id='word_1_45' title='bbox 450 1542 500 1578; x_wconf 86' lang='lat'><strong>1.</strong></span> <span class='ocrx_word' id='word_1_46' title='bbox 521 1528 885 1597; x_wconf 70' lang='lat' dir='ltr'><strong>OEbalz&#39;rasflos.</strong></span> <span class='ocrx_word' id='word_1_47' title='bbox 922 1526 1255 1600; x_wconf 71' lang='lat' dir='ltr'><strong>Hyacinthus</strong></span> <span class='ocrx_word' id='word_1_48' title='bbox 1282 1525 1393 1580; x_wconf 76' lang='lat' dir='ltr'><strong>OE-</strong></span> 
     </span>
     <span class='ocr_line' id='line_1_17' title="bbox 375 1603 1392 1679; baseline 0.003 -24"><span class='ocrx_word' id='word_1_49' title='bbox 375 1603 482 1657; x_wconf 87' lang='lat' dir='ltr'><strong>hali</strong></span> <span class='ocrx_word' id='word_1_50' title='bbox 509 1605 753 1660; x_wconf 66' lang='lat' dir='ltr'><strong>Laconia</strong></span> <span class='ocrx_word' id='word_1_51' title='bbox 776 1607 918 1679; x_wconf 73' lang='lat' dir='ltr'><strong>regia</strong></span> <span class='ocrx_word' id='word_1_52' title='bbox 952 1605 1124 1668; x_wconf 77' lang='lat' dir='ltr'><strong>filim,</strong></span> <span class='ocrx_word' id='word_1_53' title='bbox 1159 1605 1392 1677; x_wconf 78' lang='lat' dir='ltr'><strong>Apollini</strong></span> 
     </span>
     <span class='ocr_line' id='line_1_18' title="bbox 372 1685 1389 1760; baseline 0.004 -26"><span class='ocrx_word' id='word_1_54' title='bbox 372 1696 581 1738; x_wconf 71' lang='lat' dir='ltr'><strong>amatus</strong></span> <span class='ocrx_word' id='word_1_55' title='bbox 601 1726 619 1752; x_wconf 92' lang='lat'><strong>,</strong></span> <span class='ocrx_word' id='word_1_56' title='bbox 669 1687 739 1741; x_wconf 83' lang='lat' dir='ltr'><strong>ab</strong></span> <span class='ocrx_word' id='word_1_57' title='bbox 776 1685 963 1740; x_wconf 84' lang='lat' dir='ltr'><strong>eodem</strong></span> <span class='ocrx_word' id='word_1_58' title='bbox 984 1726 1001 1752; x_wconf 91' lang='lat'><strong>,</strong></span> <span class='ocrx_word' id='word_1_59' title='bbox 1048 1685 1178 1740; x_wconf 71' lang='lat' dir='ltr'><strong>dinei</strong></span> <span class='ocrx_word' id='word_1_60' title='bbox 1216 1689 1389 1760; x_wconf 84' lang='lat' dir='ltr'><strong>jactu,</strong></span> 
     </span>
     <span class='ocr_line' id='line_1_19' title="bbox 370 1763 1392 1836; baseline 0.002 -21"><span class='ocrx_word' id='word_1_61' title='bbox 370 1781 466 1832; x_wconf 86' lang='lat' dir='ltr'><strong>per</strong></span> <span class='ocrx_word' id='word_1_62' title='bbox 501 1763 915 1836; x_wconf 76' lang='lat' dir='ltr'><strong>imprudentiam</strong></span> <span class='ocrx_word' id='word_1_63' title='bbox 954 1765 1289 1832; x_wconf 72' lang='lat' dir='ltr'><strong>interfectus,</strong></span> <span class='ocrx_word' id='word_1_64' title='bbox 1336 1765 1392 1817; x_wconf 89' lang='lat' dir='ltr'><strong>in</strong></span> 
     </span>
     <span class='ocr_line' id='line_1_20' title="bbox 370 1840 1390 1899; baseline 0.003 -6"><span class='ocrx_word' id='word_1_65' title='bbox 370 1840 554 1896; x_wconf 83' lang='lat' dir='ltr'><strong>florem</strong></span> <span class='ocrx_word' id='word_1_66' title='bbox 603 1843 796 1899; x_wconf 87' lang='lat' dir='ltr'><strong>deinde</strong></span> <span class='ocrx_word' id='word_1_67' title='bbox 850 1857 1083 1898; x_wconf 72' lang='lat' dir='ltr'><strong>mutatus</strong></span> <span class='ocrx_word' id='word_1_68' title='bbox 1132 1856 1225 1898; x_wconf 76' lang='lat' dir='ltr'><strong>eat.</strong></span> <span class='ocrx_word' id='word_1_69' title='bbox 1260 1842 1390 1897; x_wconf 79' lang='lat' dir='ltr'><strong>Vid.</strong></span> 
     </span>
     <span class='ocr_line' id='line_1_21' title="bbox 368 1918 1093 1991; baseline 0.003 -18"><span class='ocrx_word' id='word_1_70' title='bbox 368 1918 528 1975; x_wconf 81' lang='lat' dir='ltr'><strong>ovid.</strong></span> <span class='ocrx_word' id='word_1_71' title='bbox 548 1921 679 1976; x_wconf 75' lang='lat' dir='ltr'><strong>Met.</strong></span> <span class='ocrx_word' id='word_1_72' title='bbox 696 1923 791 1977; x_wconf 85' lang='lat' dir='ltr'><strong>lib.</strong></span> <span class='ocrx_word' id='word_1_73' title='bbox 810 1923 863 1976; x_wconf 80' lang='lat' dir='ltr'>X</span> <span class='ocrx_word' id='word_1_74' title='bbox 878 1964 895 1991; x_wconf 89' lang='lat'><strong>,</strong></span> <span class='ocrx_word' id='word_1_75' title='bbox 914 1923 1020 1976; x_wconf 76' lang='lat' dir='ltr'><strong>sah.</strong></span> <span class='ocrx_word' id='word_1_76' title='bbox 1039 1927 1093 1977; x_wconf 89' lang='lat'><strong>6.</strong></span> 
     </span>
    </p>

    <p class='ocr_par' dir='ltr' id='par_1_13' title="bbox 366 2001 1392 2216">
     <span class='ocr_line' id='line_1_22' title="bbox 441 2001 1388 2076; baseline 0.002 -24"><span class='ocrx_word' id='word_1_77' title='bbox 441 2019 489 2053; x_wconf 65' lang='grc' dir='ltr'><strong>η.</strong></span> <span class='ocrx_word' id='word_1_78' title='bbox 516 2006 669 2067; x_wconf 73' lang='lat' dir='ltr'><strong>Fons,</strong></span> <span class='ocrx_word' id='word_1_79' title='bbox 692 2001 749 2054; x_wconf 90' lang='lat' dir='ltr'><strong>in</strong></span> <span class='ocrx_word' id='word_1_80' title='bbox 775 2017 909 2076; x_wconf 67' lang='lat' dir='ltr'><strong>qun,</strong></span> <span class='ocrx_word' id='word_1_81' title='bbox 936 2021 1035 2056; x_wconf 88' lang='lat' dir='ltr'><strong>ceu</strong></span> <span class='ocrx_word' id='word_1_82' title='bbox 1058 2003 1115 2055; x_wconf 87' lang='lat' dir='ltr'><strong>in</strong></span> <span class='ocrx_word' id='word_1_83' title='bbox 1141 2001 1355 2074; x_wconf 75' lang='lat' dir='ltr'><strong>speculo</strong></span> <span class='ocrx_word' id='word_1_84' title='bbox 1372 2039 1388 2064; x_wconf 93' lang='lat'><strong>,</strong></span> 
     </span>
     <span class='ocr_line' id='line_1_23' title="bbox 367 2080 1392 2154; baseline 0 -20"><span class='ocrx_word' id='word_1_85' title='bbox 367 2099 480 2135; x_wconf 71' lang='lat' dir='ltr'><strong>aeae</strong></span> <span class='ocrx_word' id='word_1_86' title='bbox 495 2080 723 2146; x_wconf 75' lang='lat' dir='ltr'><strong>viderat,</strong></span> <span class='ocrx_word' id='word_1_87' title='bbox 745 2100 807 2134; x_wconf 84' lang='lat' dir='ltr'><strong>ac</strong></span> <span class='ocrx_word' id='word_1_88' title='bbox 824 2081 909 2135; x_wconf 72' lang='lat' dir='ltr'><strong>sui</strong></span> <span class='ocrx_word' id='word_1_89' title='bbox 927 2094 1197 2154; x_wconf 77' lang='lat' dir='ltr'><strong>correptus</strong></span> <span class='ocrx_word' id='word_1_90' title='bbox 1214 2099 1392 2136; x_wconf 84' lang='lat' dir='ltr'><strong>amore</strong></span> 
     </span>
     <span class='ocr_line' id='line_1_24' title="bbox 366 2161 922 2216; baseline -0.002 -2"><span class='ocrx_word' id='word_1_91' title='bbox 366 2161 607 2215; x_wconf 62' lang='lat' dir='ltr'><strong>abuerat</strong></span> <span class='ocrx_word' id='word_1_92' title='bbox 629 2161 922 2216; x_wconf 69' lang='lat' dir='ltr'><strong>Narcissus.</strong></span> 
     </span>
    </p>

    <p class='ocr_par' dir='ltr' id='par_1_14' title="bbox 360 2241 1389 3026">
     <span class='ocr_line' id='line_1_25' title="bbox 438 2241 1389 2306; baseline 0.005 -14"><span class='ocrx_word' id='word_1_93' title='bbox 438 2241 485 2293; x_wconf 89' lang='grc'><strong>3.</strong></span> <span class='ocrx_word' id='word_1_94' title='bbox 510 2243 786 2294; x_wconf 61' lang='lat' dir='ltr'><strong>misniam</strong></span> <span class='ocrx_word' id='word_1_95' title='bbox 808 2261 909 2294; x_wconf 78' lang='lat' dir='ltr'><strong>sus.</strong></span> <span class='ocrx_word' id='word_1_96' title='bbox 940 2241 1150 2295; x_wconf 79' lang='lat' dir='ltr'><strong>Etenim</strong></span> <span class='ocrx_word' id='word_1_97' title='bbox 1170 2280 1187 2306; x_wconf 88' lang='lat'><strong>,</strong></span> <span class='ocrx_word' id='word_1_98' title='bbox 1215 2253 1274 2295; x_wconf 86' lang='lat' dir='ltr'><strong>ut</strong></span> <span class='ocrx_word' id='word_1_99' title='bbox 1298 2261 1389 2297; x_wconf 82' lang='lat' dir='ltr'><strong>ca-</strong></span> 
     </span>
     <span class='ocr_line' id='line_1_26' title="bbox 364 2318 1387 2385; baseline 0.002 -12"><span class='ocrx_word' id='word_1_100' title='bbox 364 2320 443 2373; x_wconf 88' lang='lat' dir='ltr'><strong>nit</strong></span> <span class='ocrx_word' id='word_1_101' title='bbox 471 2318 633 2375; x_wconf 79' lang='lat' dir='ltr'><strong>Ovid.</strong></span> <span class='ocrx_word' id='word_1_102' title='bbox 661 2320 793 2375; x_wconf 81' lang='lat' dir='ltr'><strong>Met.</strong></span> <span class='ocrx_word' id='word_1_103' title='bbox 824 2321 910 2385; x_wconf 83' lang='lat' dir='ltr'><strong>X,</strong></span> <span class='ocrx_word' id='word_1_104' title='bbox 951 2319 1083 2376; x_wconf 80' lang='lat'>550:</span> <span class='ocrx_word' id='word_1_105' title='bbox 1121 2348 1147 2367; x_wconf 77' lang='lat'><strong>‹-</strong></span> <span class='ocrx_word' id='word_1_106' title='bbox 1166 2321 1387 2375; x_wconf 81' lang='lat' dir='ltr'><strong>Fulmen</strong></span> 
     </span>
     <span class='ocr_line' id='line_1_27' title="bbox 363 2398 1388 2455; baseline 0.001 -2"><span class='ocrx_word' id='word_1_107' title='bbox 363 2400 563 2454; x_wconf 84' lang='lat' dir='ltr'><strong>habent</strong></span> <span class='ocrx_word' id='word_1_108' title='bbox 601 2418 750 2455; x_wconf 75' lang='lat' dir='ltr'><strong>acres</strong></span> <span class='ocrx_word' id='word_1_109' title='bbox 790 2402 849 2453; x_wconf 86' lang='lat' dir='ltr'><strong>in</strong></span> <span class='ocrx_word' id='word_1_110' title='bbox 885 2400 1107 2455; x_wconf 78' lang='lat' dir='ltr'><strong>aduncis</strong></span> <span class='ocrx_word' id='word_1_111' title='bbox 1143 2398 1388 2454; x_wconf 72' lang='lat' dir='ltr'><strong>dentibus</strong></span> 
     </span>
     <span class='ocr_line' id='line_1_28' title="bbox 363 2478 1387 2551; baseline 0 -20"><span class='ocrx_word' id='word_1_112' title='bbox 363 2480 493 2551; x_wconf 78' lang='lat' dir='ltr'><strong>Apri</strong></span> <span class='ocrx_word' id='word_1_113' title='bbox 511 2503 553 2533; x_wconf 75' lang='grc' dir='ltr'><strong>ι.</strong></span> <span class='ocrx_word' id='word_1_114' title='bbox 586 2478 729 2550; x_wconf 74' lang='lat' dir='ltr'><strong>Ergo</strong></span> <span class='ocrx_word' id='word_1_115' title='bbox 774 2492 897 2550; x_wconf 65' lang='lat' dir='ltr'><strong>pont</strong></span> <span class='ocrx_word' id='word_1_116' title='bbox 935 2478 1187 2532; x_wconf 78' lang='lat' dir='ltr'><strong>Ovidium</strong></span> <span class='ocrx_word' id='word_1_117' title='bbox 1230 2478 1387 2531; x_wconf 80' lang='lat' dir='ltr'><strong>Poeta</strong></span> 
     </span>
     <span class='ocr_line' id='line_1_29' title="bbox 364 2554 1388 2629; baseline 0 -20"><span class='ocrx_word' id='word_1_118' title='bbox 364 2557 845 2624; x_wconf 67' lang='lat' dir='ltr'><strong>nosterftbnineum</strong></span> <span class='ocrx_word' id='word_1_119' title='bbox 872 2569 1029 2611; x_wconf 82' lang='lat' dir='ltr'><strong>vocat</strong></span> <span class='ocrx_word' id='word_1_120' title='bbox 1048 2557 1269 2629; x_wconf 81' lang='lat' dir='ltr'><strong>Aprum.</strong></span> <span class='ocrx_word' id='word_1_121' title='bbox 1287 2554 1388 2610; x_wconf 79' lang='lat' dir='ltr'><strong>Hic</strong></span> 
     </span>
     <span class='ocr_line' id='line_1_30' title="bbox 362 2634 1389 2709; baseline -0.001 -19"><span class='ocrx_word' id='word_1_122' title='bbox 362 2648 415 2691; x_wconf 89' lang='lat' dir='ltr'><strong>et</strong></span> <span class='ocrx_word' id='word_1_123' title='bbox 429 2635 595 2709; x_wconf 72' lang='lat' dir='ltr'><strong>Epist.</strong></span> <span class='ocrx_word' id='word_1_124' title='bbox 612 2634 681 2689; x_wconf 77' lang='lat' dir='ltr'><strong>ad</strong></span> <span class='ocrx_word' id='word_1_125' title='bbox 701 2635 1001 2700; x_wconf 83' lang='lat' dir='ltr'><strong>Theonem,</strong></span> <span class='ocrx_word' id='word_1_126' title='bbox 1019 2649 1235 2708; x_wconf 87' lang='lat' dir='ltr'><strong>propter</strong></span> <span class='ocrx_word' id='word_1_127' title='bbox 1252 2634 1389 2689; x_wconf 75' lang='lat' dir='ltr'><strong>ictus</strong></span> 
     </span>
     <span class='ocr_line' id='line_1_31' title="bbox 361 2714 1389 2789; baseline 0 -20"><span class='ocrx_word' id='word_1_128' title='bbox 361 2715 666 2789; x_wconf 75' lang='lat' dir='ltr'><strong>repentinos</strong></span> <span class='ocrx_word' id='word_1_129' title='bbox 682 2753 699 2779; x_wconf 90' lang='lat'><strong>‚</strong></span> <span class='ocrx_word' id='word_1_130' title='bbox 730 2727 787 2767; x_wconf 88' lang='lat' dir='ltr'><strong>ut</strong></span> <span class='ocrx_word' id='word_1_131' title='bbox 811 2716 924 2768; x_wconf 79' lang='lat' dir='ltr'><strong>vult</strong></span> <span class='ocrx_word' id='word_1_132' title='bbox 944 2733 1159 2788; x_wconf 85' lang='lat' dir='ltr'><strong>quoque</strong></span> <span class='ocrx_word' id='word_1_133' title='bbox 1182 2714 1389 2769; x_wconf 76' lang='lat' dir='ltr'><strong>Rittera·</strong></span> 
     </span>
     <span class='ocr_line' id='line_1_32' title="bbox 362 2792 1388 2860; baseline -0.004 -9"><span class='ocrx_word' id='word_1_134' title='bbox 362 2796 544 2851; x_wconf 70' lang='lat' dir='ltr'><strong>husius</strong></span> <span class='ocrx_word' id='word_1_135' title='bbox 583 2794 654 2849; x_wconf 84' lang='lat' dir='ltr'><strong>ad</strong></span> <span class='ocrx_word' id='word_1_136' title='bbox 698 2792 908 2847; x_wconf 68' lang='lat' dir='ltr'><strong>Phaedri</strong></span> <span class='ocrx_word' id='word_1_137' title='bbox 951 2792 1057 2847; x_wconf 78' lang='lat' dir='ltr'><strong>fab.</strong></span> <span class='ocrx_word' id='word_1_138' title='bbox 1088 2811 1178 2860; x_wconf 58' lang='grc' dir='ltr'><strong>πο,</strong></span> <span class='ocrx_word' id='word_1_139' title='bbox 1214 2792 1307 2847; x_wconf 84' lang='lat' dir='ltr'><strong>lib.</strong></span> <span class='ocrx_word' id='word_1_140' title='bbox 1332 2794 1388 2859; x_wconf 88' lang='lat'><strong>1,</strong></span> 
     </span>
     <span class='ocr_line' id='line_1_33' title="bbox 361 2872 1386 2969; baseline -0.004 -39"><span class='ocrx_word' id='word_1_141' title='bbox 361 2896 471 2930; x_wconf 88' lang='lat' dir='ltr'><strong>non</strong></span> <span class='ocrx_word' id='word_1_142' title='bbox 496 2886 713 2969; x_wconf 83' lang='lat' dir='ltr'><strong>propter</strong></span> <span class='ocrx_word' id='word_1_143' title='bbox 734 2873 974 2927; x_wconf 86' lang='lat' dir='ltr'><strong>dentium</strong></span> <span class='ocrx_word' id='word_1_144' title='bbox 996 2872 1281 2927; x_wconf 84' lang='lat' dir='ltr'><strong>candorem</strong></span> <span class='ocrx_word' id='word_1_145' title='bbox 1308 2872 1386 2926; x_wconf 90' lang='lat' dir='ltr'><strong>in·</strong></span> 
     </span>
     <span class='ocr_line' id='line_1_34' title="bbox 360 2950 1272 3026; baseline -0.003 -18"><span class='ocrx_word' id='word_1_146' title='bbox 360 2968 439 3009; x_wconf 89' lang='lat' dir='ltr'><strong>ter</strong></span> <span class='ocrx_word' id='word_1_147' title='bbox 464 2954 641 3026; x_wconf 71' lang='lat' dir='ltr'><strong>nigras</strong></span> <span class='ocrx_word' id='word_1_148' title='bbox 672 2965 840 3016; x_wconf 70' lang='lat' dir='ltr'><strong>setas,</strong></span> <span class='ocrx_word' id='word_1_149' title='bbox 868 2963 929 3005; x_wconf 91' lang='lat' dir='ltr'><strong>ut</strong></span> <span class='ocrx_word' id='word_1_150' title='bbox 953 2952 1139 3005; x_wconf 83' lang='lat' dir='ltr'><strong>volunt</strong></span> <span class='ocrx_word' id='word_1_151' title='bbox 1167 2950 1272 3006; x_wconf 84' lang='lat' dir='ltr'><strong>alii.</strong></span> 
     </span>
    </p>

    <p class='ocr_par' dir='ltr' id='par_1_15' title="bbox 353 3031 1385 4053">
     <span class='ocr_line' id='line_1_35' title="bbox 431 3031 1384 3101; baseline -0.001 -16"><span class='ocrx_word' id='word_1_152' title='bbox 431 3039 482 3097; x_wconf 73' lang='grc'><strong>4.</strong></span> <span class='ocrx_word' id='word_1_153' title='bbox 521 3036 769 3100; x_wconf 78' lang='lat' dir='ltr'><strong>Perjumm</strong></span> <span class='ocrx_word' id='word_1_154' title='bbox 807 3034 1077 3101; x_wconf 71' lang='lat' dir='ltr'><strong>Lapitham.</strong></span> <span class='ocrx_word' id='word_1_155' title='bbox 1114 3031 1384 3096; x_wconf 80' lang='lat' dir='ltr'><strong>Ixionem,</strong></span> 
     </span>
     <span class='ocr_line' id='line_1_36' title="bbox 358 3110 1385 3187; baseline -0.004 -18"><span class='ocrx_word' id='word_1_156' title='bbox 358 3132 519 3187; x_wconf 87' lang='lat' dir='ltr'><strong>quem</strong></span> <span class='ocrx_word' id='word_1_157' title='bbox 550 3113 637 3167; x_wconf 87' lang='lat' dir='ltr'><strong>hic</strong></span> <span class='ocrx_word' id='word_1_158' title='bbox 657 3114 939 3181; x_wconf 75' lang='lat' dir='ltr'><strong>perjurum,</strong></span> <span class='ocrx_word' id='word_1_159' title='bbox 977 3110 1195 3163; x_wconf 49' lang='lat' dir='ltr'><strong>Horatss</strong></span> <span class='ocrx_word' id='word_1_160' title='bbox 1178 3130 1235 3163; x_wconf 87' lang='lat' dir='ltr'><strong>m</strong></span> <span class='ocrx_word' id='word_1_161' title='bbox 1257 3113 1385 3165; x_wconf 81' lang='lat' dir='ltr'><strong>Arte</strong></span> 
     </span>
     <span class='ocr_line' id='line_1_37' title="bbox 358 3188 1385 3264; baseline -0.008 -16"><span class='ocrx_word' id='word_1_162' title='bbox 358 3194 563 3248; x_wconf 86' lang='lat' dir='ltr'><strong>Poetica</strong></span> <span class='ocrx_word' id='word_1_163' title='bbox 573 3194 815 3264; x_wconf 70' lang='lat' dir='ltr'><strong>pefidum</strong></span> <span class='ocrx_word' id='word_1_164' title='bbox 841 3188 1097 3263; x_wconf 77' lang='lat' dir='ltr'><strong>adpellat-</strong></span> <span class='ocrx_word' id='word_1_165' title='bbox 1124 3188 1269 3260; x_wconf 88' lang='lat' dir='ltr'><strong>quod</strong></span> <span class='ocrx_word' id='word_1_166' title='bbox 1288 3207 1385 3241; x_wconf 90' lang='lat' dir='ltr'><strong>no-</strong></span> 
     </span>
     <span class='ocr_line' id='line_1_38' title="bbox 358 3268 1383 3345; baseline -0.006 -17"><span class='ocrx_word' id='word_1_167' title='bbox 358 3293 481 3328; x_wconf 88' lang='lat' dir='ltr'><strong>men</strong></span> <span class='ocrx_word' id='word_1_168' title='bbox 523 3270 725 3344; x_wconf 82' lang='lat' dir='ltr'><strong>duplici</strong></span> <span class='ocrx_word' id='word_1_169' title='bbox 764 3268 993 3342; x_wconf 81' lang='lat' dir='ltr'><strong>perfidia</strong></span> <span class='ocrx_word' id='word_1_170' title='bbox 1024 3280 1103 3323; x_wconf 75' lang='lat' dir='ltr'><strong>est</strong></span> <span class='ocrx_word' id='word_1_171' title='bbox 1139 3269 1383 3345; x_wconf 75' lang='lat' dir='ltr'><strong>meritus,</strong></span> 
     </span>
     <span class='ocr_line' id='line_1_39' title="bbox 356 3348 1384 3411; baseline -0.007 -4"><span class='ocrx_word' id='word_1_172' title='bbox 356 3366 417 3407; x_wconf 89' lang='lat' dir='ltr'><strong>ut</strong></span> <span class='ocrx_word' id='word_1_173' title='bbox 440 3372 504 3407; x_wconf 87' lang='lat' dir='ltr'><strong>ex</strong></span> <span class='ocrx_word' id='word_1_174' title='bbox 522 3354 729 3405; x_wconf 80' lang='lat' dir='ltr'><strong>Acrone</strong></span> <span class='ocrx_word' id='word_1_175' title='bbox 754 3350 809 3402; x_wconf 90' lang='lat' dir='ltr'><strong>in</strong></span> <span class='ocrx_word' id='word_1_176' title='bbox 831 3348 1129 3411; x_wconf 81' lang='lat' dir='ltr'><strong>Horatium,</strong></span> <span class='ocrx_word' id='word_1_177' title='bbox 1155 3360 1207 3401; x_wconf 89' lang='lat' dir='ltr'><strong>et</strong></span> <span class='ocrx_word' id='word_1_178' title='bbox 1222 3348 1384 3401; x_wconf 83' lang='lat' dir='ltr'><strong>inter-</strong></span> 
     </span>
     <span class='ocr_line' id='line_1_40' title="bbox 354 3426 1383 3504; baseline -0.005 -19"><span class='ocrx_word' id='word_1_179' title='bbox 354 3443 503 3504; x_wconf 82' lang='lat' dir='ltr'><strong>prete</strong></span> <span class='ocrx_word' id='word_1_180' title='bbox 526 3428 738 3483; x_wconf 84' lang='lat' dir='ltr'><strong>Pindari</strong></span> <span class='ocrx_word' id='word_1_181' title='bbox 755 3470 770 3495; x_wconf 94' lang='lat'><strong>,</strong></span> <span class='ocrx_word' id='word_1_182' title='bbox 802 3426 957 3500; x_wconf 76' lang='lat' dir='ltr'><strong>Pyth.</strong></span> <span class='ocrx_word' id='word_1_183' title='bbox 988 3426 1067 3493; x_wconf 78' lang='grc' dir='ltr'><strong>ΙΙ,</strong></span> <span class='ocrx_word' id='word_1_184' title='bbox 1111 3427 1383 3499; x_wconf 67' lang='lat' dir='ltr'><strong>cognosci·</strong></span> 
     </span>
     <span class='ocr_line' id='line_1_41' title="bbox 355 3506 1379 3578; baseline -0.004 -14"><span class='ocrx_word' id='word_1_185' title='bbox 355 3524 459 3565; x_wconf 86' lang='lat' dir='ltr'><strong>tur.</strong></span> <span class='ocrx_word' id='word_1_186' title='bbox 515 3509 693 3563; x_wconf 78' lang='lat' dir='ltr'><strong>Altera</strong></span> <span class='ocrx_word' id='word_1_187' title='bbox 715 3549 731 3572; x_wconf 87' lang='lat'><strong>‚</strong></span> <span class='ocrx_word' id='word_1_188' title='bbox 773 3507 897 3578; x_wconf 83' lang='lat' dir='ltr'><strong>quia</strong></span> <span class='ocrx_word' id='word_1_189' title='bbox 944 3524 1185 3559; x_wconf 76' lang='lat' dir='ltr'><strong>socerum</strong></span> <span class='ocrx_word' id='word_1_190' title='bbox 1224 3506 1379 3560; x_wconf 87' lang='lat' dir='ltr'><strong>Deio·</strong></span> 
     </span>
     <span class='ocr_line' id='line_1_42' title="bbox 354 3584 1377 3660; baseline -0.004 -15"><span class='ocrx_word' id='word_1_191' title='bbox 354 3608 547 3655; x_wconf 85' lang='lat' dir='ltr'><strong>neum,</strong></span> <span class='ocrx_word' id='word_1_192' title='bbox 572 3590 722 3660; x_wconf 72' lang='lat' dir='ltr'><strong>cujus</strong></span> <span class='ocrx_word' id='word_1_193' title='bbox 762 3584 923 3638; x_wconf 82' lang='lat' dir='ltr'><strong>filiam</strong></span> <span class='ocrx_word' id='word_1_194' title='bbox 963 3586 1119 3638; x_wconf 83' lang='lat' dir='ltr'><strong>Diam</strong></span> <span class='ocrx_word' id='word_1_195' title='bbox 1156 3605 1377 3641; x_wconf 84' lang='lat' dir='ltr'><strong>uxorem</strong></span> 
     </span>
     <span class='ocr_line' id='line_1_43' title="bbox 355 3666 1380 3737; baseline -0.006 -12"><span class='ocrx_word' id='word_1_196' title='bbox 355 3669 811 3735; x_wconf 82' lang='lat' dir='ltr'><strong>duxerat,munera</strong></span> <span class='ocrx_word' id='word_1_197' title='bbox 824 3682 1135 3737; x_wconf 67' lang='lat' dir='ltr'><strong>sponsarum</strong></span> <span class='ocrx_word' id='word_1_198' title='bbox 1143 3666 1380 3736; x_wconf 71' lang='lat' dir='ltr'><strong>patribus</strong></span> 
     </span>
     <span class='ocr_line' id='line_1_44' title="bbox 356 3741 1379 3816; baseline -0.006 -12"><span class='ocrx_word' id='word_1_199' title='bbox 356 3762 483 3803; x_wconf 87' lang='lat' dir='ltr'><strong>tunc</strong></span> <span class='ocrx_word' id='word_1_200' title='bbox 520 3746 633 3800; x_wconf 78' lang='lat' dir='ltr'><strong>dari</strong></span> <span class='ocrx_word' id='word_1_201' title='bbox 671 3744 826 3799; x_wconf 72' lang='lat' dir='ltr'><strong>solita</strong></span> <span class='ocrx_word' id='word_1_202' title='bbox 864 3741 1214 3816; x_wconf 79' lang='lat' dir='ltr'><strong>flagitantem,</strong></span> <span class='ocrx_word' id='word_1_203' title='bbox 1244 3745 1379 3798; x_wconf 72' lang='lat' dir='ltr'><strong>fossa</strong></span> 
     </span>
     <span class='ocr_line' id='line_1_45' title="bbox 354 3821 1382 3896; baseline -0.006 -14"><span class='ocrx_word' id='word_1_204' title='bbox 354 3828 582 3881; x_wconf 66' lang='lat' dir='ltr'><strong>materia</strong></span> <span class='ocrx_word' id='word_1_205' title='bbox 631 3825 809 3896; x_wconf 78' lang='lat' dir='ltr'><strong>ignem</strong></span> <span class='ocrx_word' id='word_1_206' title='bbox 862 3821 1011 3875; x_wconf 78' lang='lat' dir='ltr'><strong>facile</strong></span> <span class='ocrx_word' id='word_1_207' title='bbox 1051 3824 1382 3896; x_wconf 80' lang='lat' dir='ltr'><strong>corripientis</strong></span> 
     </span>
     <span class='ocr_line' id='line_1_46' title="bbox 353 3900 1385 3981; baseline -0.005 -21"><span class='ocrx_word' id='word_1_208' title='bbox 353 3908 511 3981; x_wconf 84' lang='lat' dir='ltr'><strong>plena</strong></span> <span class='ocrx_word' id='word_1_209' title='bbox 537 3903 809 3967; x_wconf 72' lang='lat' dir='ltr'><strong>delusum,</strong></span> <span class='ocrx_word' id='word_1_210' title='bbox 836 3900 935 3955; x_wconf 78' lang='lat' dir='ltr'><strong>auh</strong></span> <span class='ocrx_word' id='word_1_211' title='bbox 962 3900 1237 3973; x_wconf 85' lang='lat' dir='ltr'><strong>epularum</strong></span> <span class='ocrx_word' id='word_1_212' title='bbox 1265 3921 1385 3975; x_wconf 75' lang='lat' dir='ltr'><strong>spe-</strong></span> 
     </span>
     <span class='ocr_line' id='line_1_47' title="bbox 354 3980 1385 4053; baseline -0.002 -15"><span class='ocrx_word' id='word_1_213' title='bbox 354 3986 461 4050; x_wconf 89' lang='lat' dir='ltr'><strong>cie,</strong></span> <span class='ocrx_word' id='word_1_214' title='bbox 478 3982 786 4038; x_wconf 69' lang='lat' dir='ltr'><strong>combussit.</strong></span> <span class='ocrx_word' id='word_1_215' title='bbox 808 3980 1014 4043; x_wconf 72' lang='lat' dir='ltr'><strong>Altera,</strong></span> <span class='ocrx_word' id='word_1_216' title='bbox 1036 3981 1179 4053; x_wconf 88' lang='lat' dir='ltr'><strong>quod</strong></span> <span class='ocrx_word' id='word_1_217' title='bbox 1200 4000 1232 4035; x_wconf 76' lang='lat' dir='ltr'><strong>a</strong></span> <span class='ocrx_word' id='word_1_218' title='bbox 1251 3982 1385 4036; x_wconf 82' lang='lat' dir='ltr'><strong>Jove</strong></span> 
     </span>
    </p>
   </div>
   <div class='ocr_carea' id='block_1_13' title="bbox 354 4060 1384 4138">
    <p class='ocr_par' dir='ltr' id='par_1_16' title="bbox 354 4060 1384 4138">
     <span class='ocr_line' id='line_1_48' title="bbox 354 4060 1384 4138; baseline 0 -21"><span class='ocrx_word' id='word_1_219' title='bbox 354 4066 616 4138; x_wconf 71' lang='lat' dir='ltr'><strong>expiatus,</strong></span> <span class='ocrx_word' id='word_1_220' title='bbox 646 4064 819 4118; x_wconf 84' lang='lat' dir='ltr'><strong>deleta</strong></span> <span class='ocrx_word' id='word_1_221' title='bbox 859 4060 990 4115; x_wconf 80' lang='lat' dir='ltr'><strong>tanti</strong></span> <span class='ocrx_word' id='word_1_222' title='bbox 1029 4061 1234 4115; x_wconf 69' lang='lat' dir='ltr'><strong>sceleris</strong></span> <span class='ocrx_word' id='word_1_223' title='bbox 1270 4080 1384 4117; x_wconf 80' lang='lat' dir='ltr'><strong>ma·</strong></span> 
     </span>
    </p>
   </div>
   <div class='ocr_carea' id='block_1_14' title="bbox 1472 1524 2578 3097">
    <p class='ocr_par' dir='ltr' id='par_1_17' title="bbox 1473 1524 2578 2458">
     <span class='ocr_line' id='line_1_49' title="bbox 1480 1524 2509 1589; baseline 0.002 -11"><span class='ocrx_word' id='word_1_224' title='bbox 1480 1524 1601 1578; x_wconf 84' lang='lat' dir='ltr'><strong>cula</strong></span> <span class='ocrx_word' id='word_1_225' title='bbox 1616 1563 1632 1589; x_wconf 92' lang='lat'><strong>,</strong></span> <span class='ocrx_word' id='word_1_226' title='bbox 1656 1535 1708 1577; x_wconf 86' lang='lat' dir='ltr'><strong>et</strong></span> <span class='ocrx_word' id='word_1_227' title='bbox 1725 1525 1793 1578; x_wconf 86' lang='lat' dir='ltr'><strong>ab</strong></span> <span class='ocrx_word' id='word_1_228' title='bbox 1819 1543 1885 1578; x_wconf 88' lang='lat' dir='ltr'><strong>eo</strong></span> <span class='ocrx_word' id='word_1_229' title='bbox 1906 1526 2138 1577; x_wconf 83' lang='lat' dir='ltr'><strong>Deorum</strong></span> <span class='ocrx_word' id='word_1_230' title='bbox 2161 1527 2509 1580; x_wconf 86' lang='lat' dir='ltr'><strong>contubernio</strong></span> 
     </span>
     <span class='ocr_line' id='line_1_50' title="bbox 1480 1601 2508 1670; baseline 0.002 -14"><span class='ocrx_word' id='word_1_231' title='bbox 1480 1601 1709 1657; x_wconf 70' lang='lat' dir='ltr'><strong>adscitus</strong></span> <span class='ocrx_word' id='word_1_232' title='bbox 1731 1640 1748 1667; x_wconf 85' lang='lat'><strong>,</strong></span> <span class='ocrx_word' id='word_1_233' title='bbox 1782 1602 1918 1656; x_wconf 79' lang='lat' dir='ltr'><strong>tanti</strong></span> <span class='ocrx_word' id='word_1_234' title='bbox 1939 1603 2183 1658; x_wconf 84' lang='lat' dir='ltr'><strong>beneficii</strong></span> <span class='ocrx_word' id='word_1_235' title='bbox 2200 1605 2508 1670; x_wconf 87' lang='lat' dir='ltr'><strong>immemor,</strong></span> 
     </span>
     <span class='ocr_line' id='line_1_51' title="bbox 1478 1671 2509 1756; baseline 0.004 -21"><span class='ocrx_word' id='word_1_236' title='bbox 1478 1683 1512 1735; x_wconf 83' lang='lat' dir='ltr'>J</span> <span class='ocrx_word' id='word_1_237' title='bbox 1515 1701 1746 1736; x_wconf 87' lang='lat' dir='ltr'><strong>unonem</strong></span> <span class='ocrx_word' id='word_1_238' title='bbox 1773 1671 1891 1754; x_wconf 69' lang='lat' dir='ltr'><strong>ejus</strong></span> <span class='ocrx_word' id='word_1_239' title='bbox 1913 1702 2134 1737; x_wconf 86' lang='lat' dir='ltr'><strong>uxorem</strong></span> <span class='ocrx_word' id='word_1_240' title='bbox 2156 1695 2396 1756; x_wconf 72' lang='lat' dir='ltr'><strong>stuprare</strong></span> <span class='ocrx_word' id='word_1_241' title='bbox 2415 1705 2509 1739; x_wconf 81' lang='lat' dir='ltr'><strong>vo·</strong></span> 
     </span>
     <span class='ocr_line' id='line_1_52' title="bbox 1480 1762 2578 1835; baseline 0.005 -21"><span class='ocrx_word' id='word_1_242' title='bbox 1480 1762 1656 1815; x_wconf 88' lang='lat' dir='ltr'><strong>luerit.</strong></span> <span class='ocrx_word' id='word_1_243' title='bbox 1683 1763 1788 1815; x_wconf 87' lang='lat' dir='ltr'><strong>Pro</strong></span> <span class='ocrx_word' id='word_1_244' title='bbox 1810 1780 1912 1835; x_wconf 80' lang='lat' dir='ltr'><strong>qua</strong></span> <span class='ocrx_word' id='word_1_245' title='bbox 1928 1801 1943 1830; x_wconf 91' lang='lat'><strong>,</strong></span> <span class='ocrx_word' id='word_1_246' title='bbox 1963 1763 2237 1834; x_wconf 68' lang='lat' dir='ltr'><strong>supposita</strong></span> <span class='ocrx_word' id='word_1_247' title='bbox 2265 1763 2314 1817; x_wconf 90' lang='lat' dir='ltr'><strong>ei</strong></span> <span class='ocrx_word' id='word_1_248' title='bbox 2337 1765 2482 1820; x_wconf 86' lang='lat' dir='ltr'><strong>nube</strong></span> <span class='ocrx_word' id='word_1_249' title='bbox 2497 1805 2512 1827; x_wconf 83' lang='grc'><strong>.</strong></span> <span class='ocrx_word' id='word_1_250' title='bbox 2573 1779 2578 1785; x_wconf 90' lang='grc'><em>·</em></span> 
     </span>
     <span class='ocr_line' id='line_1_53' title="bbox 1478 1840 2512 1916; baseline 0.001 -22"><span class='ocrx_word' id='word_1_251' title='bbox 1478 1842 1774 1894; x_wconf 71' lang='lat' dir='ltr'><strong>Centauros</strong></span> <span class='ocrx_word' id='word_1_252' title='bbox 1799 1842 2010 1912; x_wconf 78' lang='lat' dir='ltr'><strong>genuit,</strong></span> <span class='ocrx_word' id='word_1_253' title='bbox 2042 1840 2136 1913; x_wconf 86' lang='lat' dir='ltr'><strong>qui</strong></span> <span class='ocrx_word' id='word_1_254' title='bbox 2160 1843 2286 1895; x_wconf 89' lang='lat' dir='ltr'><strong>inde</strong></span> <span class='ocrx_word' id='word_1_255' title='bbox 2323 1842 2512 1916; x_wconf 84' lang='lat' dir='ltr'><strong>adpel-</strong></span> 
     </span>
     <span class='ocr_line' id='line_1_54' title="bbox 1476 1920 2506 1992; baseline 0.004 -20"><span class='ocrx_word' id='word_1_256' title='bbox 1476 1920 1658 1974; x_wconf 79' lang='lat' dir='ltr'><strong>lantur</strong></span> <span class='ocrx_word' id='word_1_257' title='bbox 1669 1921 1720 1974; x_wconf 88' lang='lat' dir='ltr'>N</span> <span class='ocrx_word' id='word_1_258' title='bbox 1723 1920 1978 1992; x_wconf 70' lang='lat' dir='ltr'><strong>uhigenn.</strong></span> <span class='ocrx_word' id='word_1_259' title='bbox 2010 1920 2172 1984; x_wconf 82' lang='lat' dir='ltr'><strong>Hinc,</strong></span> <span class='ocrx_word' id='word_1_260' title='bbox 2191 1933 2318 1975; x_wconf 61' lang='lat' dir='ltr'><strong>rota</strong></span> <span class='ocrx_word' id='word_1_261' title='bbox 2335 1922 2392 1975; x_wconf 92' lang='lat' dir='ltr'><strong>in</strong></span> <span class='ocrx_word' id='word_1_262' title='bbox 2415 1924 2506 1976; x_wconf 91' lang='lat' dir='ltr'><strong>In·</strong></span> 
     </span>
     <span class='ocr_line' id='line_1_55' title="bbox 1478 1997 2506 2073; baseline 0 -21"><span class='ocrx_word' id='word_1_263' title='bbox 1478 1999 1602 2053; x_wconf 73' lang='lat' dir='ltr'><strong>feris</strong></span> <span class='ocrx_word' id='word_1_264' title='bbox 1639 1997 1844 2052; x_wconf 72' lang='lat' dir='ltr'><strong>adfixus</strong></span> <span class='ocrx_word' id='word_1_265' title='bbox 1883 2018 2091 2071; x_wconf 75' lang='lat' dir='ltr'><strong>semper</strong></span> <span class='ocrx_word' id='word_1_266' title='bbox 2113 2000 2334 2054; x_wconf 80' lang='lat' dir='ltr'><strong>volubili</strong></span> <span class='ocrx_word' id='word_1_267' title='bbox 2353 2039 2369 2064; x_wconf 91' lang='lat'><strong>,</strong></span> <span class='ocrx_word' id='word_1_268' title='bbox 2393 2021 2506 2073; x_wconf 81' lang='lat' dir='ltr'><strong>poe-</strong></span> 
     </span>
     <span class='ocr_line' id='line_1_56' title="bbox 1476 2077 2506 2150; baseline 0.003 -19"><span class='ocrx_word' id='word_1_269' title='bbox 1476 2097 1574 2131; x_wconf 77' lang='lat' dir='ltr'><strong>naa</strong></span> <span class='ocrx_word' id='word_1_270' title='bbox 1595 2077 1829 2149; x_wconf 68' lang='lat' dir='ltr'><strong>perfidio</strong></span> <span class='ocrx_word' id='word_1_271' title='bbox 1852 2078 2000 2131; x_wconf 88' lang='lat' dir='ltr'><strong>luere</strong></span> <span class='ocrx_word' id='word_1_272' title='bbox 2026 2077 2506 2150; x_wconf 80' lang='lat' dir='ltr'><strong>fingitur.—Nubs.</strong></span> 
     </span>
     <span class='ocr_line' id='line_1_57' title="bbox 1476 2156 2505 2229; baseline 0.005 -20"><span class='ocrx_word' id='word_1_273' title='bbox 1476 2157 1724 2210; x_wconf 85' lang='lat' dir='ltr'><strong>Licenter</strong></span> <span class='ocrx_word' id='word_1_274' title='bbox 1763 2175 1864 2229; x_wconf 85' lang='lat' dir='ltr'><strong>pro</strong></span> <span class='ocrx_word' id='word_1_275' title='bbox 1901 2156 2106 2209; x_wconf 78' lang='lat' dir='ltr'><strong>nubea:</strong></span> <span class='ocrx_word' id='word_1_276' title='bbox 2159 2183 2184 2204; x_wconf 72' lang='grc' dir='ltr'><strong>αι</strong></span> <span class='ocrx_word' id='word_1_277' title='bbox 2201 2176 2326 2210; x_wconf 85' lang='lat' dir='ltr'><strong>nam</strong></span> <span class='ocrx_word' id='word_1_278' title='bbox 2367 2160 2505 2214; x_wconf 74' lang='lat' dir='ltr'><strong>nube</strong></span> 
     </span>
     <span class='ocr_line' id='line_1_58' title="bbox 1476 2234 2503 2306; baseline 0.002 -18"><span class='ocrx_word' id='word_1_279' title='bbox 1476 2255 1586 2289; x_wconf 89' lang='lat' dir='ltr'><strong>non</strong></span> <span class='ocrx_word' id='word_1_280' title='bbox 1623 2234 1850 2289; x_wconf 75' lang='lat' dir='ltr'><strong>dicimus</strong></span> <span class='ocrx_word' id='word_1_281' title='bbox 1871 2261 1896 2281; x_wconf 78' lang='grc' dir='ltr'><strong>ι·</strong></span> <span class='ocrx_word' id='word_1_282' title='bbox 1914 2273 1933 2300; x_wconf 84' lang='grc'><em>,</em></span> <span class='ocrx_word' id='word_1_283' title='bbox 1970 2235 2144 2306; x_wconf 83' lang='lat' dir='ltr'><strong>inquit</strong></span> <span class='ocrx_word' id='word_1_284' title='bbox 2178 2235 2393 2290; x_wconf 74' lang='lat' dir='ltr'><strong>Servius</strong></span> <span class='ocrx_word' id='word_1_285' title='bbox 2432 2238 2503 2291; x_wconf 83' lang='lat' dir='ltr'><strong>ad</strong></span> 
     </span>
     <span class='ocr_line' id='line_1_59' title="bbox 1473 2312 2498 2379; baseline 0.007 -14"><span class='ocrx_word' id='word_1_286' title='bbox 1473 2312 1620 2368; x_wconf 89' lang='lat' dir='ltr'><strong>hunc</strong></span> <span class='ocrx_word' id='word_1_287' title='bbox 1667 2332 1878 2368; x_wconf 75' lang='lat' dir='ltr'><strong>versum</strong></span> <span class='ocrx_word' id='word_1_288' title='bbox 1917 2317 2038 2367; x_wconf 80' lang='lat' dir='ltr'><strong>AEn.</strong></span> <span class='ocrx_word' id='word_1_289' title='bbox 2079 2315 2168 2367; x_wconf 84' lang='lat' dir='ltr'><strong>lib.</strong></span> <span class='ocrx_word' id='word_1_290' title='bbox 2213 2315 2263 2368; x_wconf 86' lang='lat' dir='ltr'>X</span> <span class='ocrx_word' id='word_1_291' title='bbox 2285 2353 2301 2379; x_wconf 91' lang='lat'><strong>,</strong></span> <span class='ocrx_word' id='word_1_292' title='bbox 2351 2317 2456 2371; x_wconf 82' lang='lat'><strong>636</strong></span> <span class='ocrx_word' id='word_1_293' title='bbox 2485 2337 2498 2372; x_wconf 91' lang='lat'>:</span> 
     </span>
     <span class='ocr_line' id='line_1_60' title="bbox 1477 2394 2329 2458; baseline 0.004 -13"><span class='ocrx_word' id='word_1_294' title='bbox 1477 2394 1659 2445; x_wconf 76' lang='lat' dir='ltr'><strong>«Tum</strong></span> <span class='ocrx_word' id='word_1_295' title='bbox 1687 2394 1794 2447; x_wconf 87' lang='lat' dir='ltr'><strong>Dea</strong></span> <span class='ocrx_word' id='word_1_296' title='bbox 1821 2394 1963 2446; x_wconf 84' lang='lat' dir='ltr'><strong>nube</strong></span> <span class='ocrx_word' id='word_1_297' title='bbox 1990 2411 2122 2447; x_wconf 80' lang='lat' dir='ltr'><strong>cava</strong></span> <span class='ocrx_word' id='word_1_298' title='bbox 2140 2432 2158 2458; x_wconf 88' lang='lat'><strong>,</strong></span> <span class='ocrx_word' id='word_1_299' title='bbox 2183 2396 2287 2449; x_wconf 84' lang='lat' dir='ltr'><strong>etc‘.</strong></span> <span class='ocrx_word' id='word_1_300' title='bbox 2307 2420 2329 2442; x_wconf 74' lang='grc' dir='ltr'>ι</span> 
     </span>
    </p>

    <p class='ocr_par' dir='ltr' id='par_1_18' title="bbox 1472 2472 2508 3097">
     <span class='ocr_line' id='line_1_61' title="bbox 1550 2472 2507 2547; baseline 0.006 -22"><span class='ocrx_word' id='word_1_301' title='bbox 1550 2472 1602 2525; x_wconf 86' lang='grc'><strong>5.</strong></span> <span class='ocrx_word' id='word_1_302' title='bbox 1629 2474 1778 2524; x_wconf 73' lang='lat' dir='ltr'><strong>Ludit</strong></span> <span class='ocrx_word' id='word_1_303' title='bbox 1804 2485 1852 2523; x_wconf 79' lang='lat' dir='ltr'><strong>ee</strong></span> <span class='ocrx_word' id='word_1_304' title='bbox 1871 2474 2198 2525; x_wconf 78' lang='lat' dir='ltr'><strong>AEaeiden...</strong></span> <span class='ocrx_word' id='word_1_305' title='bbox 2222 2494 2346 2527; x_wconf 78' lang='lat' dir='ltr'><strong>sors.</strong></span> <span class='ocrx_word' id='word_1_306' title='bbox 2380 2474 2507 2547; x_wconf 81' lang='lat' dir='ltr'><strong>Pyr-</strong></span> 
     </span>
     <span class='ocr_line' id='line_1_62' title="bbox 1476 2548 2505 2627; baseline 0.007 -25"><span class='ocrx_word' id='word_1_307' title='bbox 1476 2548 1634 2603; x_wconf 87' lang='lat' dir='ltr'><strong>rhum</strong></span> <span class='ocrx_word' id='word_1_308' title='bbox 1652 2591 1668 2617; x_wconf 89' lang='lat'><strong>,</strong></span> <span class='ocrx_word' id='word_1_309' title='bbox 1697 2550 1768 2603; x_wconf 84' lang='lat' dir='ltr'><strong>ab</strong></span> <span class='ocrx_word' id='word_1_310' title='bbox 1789 2550 1996 2603; x_wconf 78' lang='lat' dir='ltr'><strong>Achille</strong></span> <span class='ocrx_word' id='word_1_311' title='bbox 2015 2588 2031 2614; x_wconf 92' lang='lat'><strong>,</strong></span> <span class='ocrx_word' id='word_1_312' title='bbox 2055 2552 2152 2625; x_wconf 82' lang='lat' dir='ltr'><strong>qui</strong></span> <span class='ocrx_word' id='word_1_313' title='bbox 2167 2552 2319 2607; x_wconf 84' lang='lat' dir='ltr'><strong>AEaci</strong></span> <span class='ocrx_word' id='word_1_314' title='bbox 2335 2572 2505 2627; x_wconf 72' lang='lat' dir='ltr'><strong>nepos</strong></span> 
     </span>
     <span class='ocr_line' id='line_1_63' title="bbox 1474 2628 2508 2701; baseline 0.005 -20"><span class='ocrx_word' id='word_1_315' title='bbox 1474 2642 1588 2681; x_wconf 81' lang='lat' dir='ltr'><strong>erat</strong></span> <span class='ocrx_word' id='word_1_316' title='bbox 1606 2670 1622 2695; x_wconf 91' lang='lat'><strong>,</strong></span> <span class='ocrx_word' id='word_1_317' title='bbox 1669 2628 1926 2701; x_wconf 75' lang='lat' dir='ltr'><strong>originem</strong></span> <span class='ocrx_word' id='word_1_318' title='bbox 1969 2628 2263 2685; x_wconf 81' lang='lat' dir='ltr'><strong>trahentem</strong></span> <span class='ocrx_word' id='word_1_319' title='bbox 2314 2631 2508 2686; x_wconf 79' lang='lat' dir='ltr'><strong>delusit</strong></span> 
     </span>
     <span class='ocr_line' id='line_1_64' title="bbox 1474 2707 2505 2784; baseline 0.004 -23"><span class='ocrx_word' id='word_1_320' title='bbox 1474 2708 1795 2780; x_wconf 87' lang='lat' dir='ltr'><strong>Delphicum</strong></span> <span class='ocrx_word' id='word_1_321' title='bbox 1825 2707 2100 2762; x_wconf 86' lang='lat' dir='ltr'><strong>oraculum</strong></span> <span class='ocrx_word' id='word_1_322' title='bbox 2114 2749 2131 2776; x_wconf 88' lang='lat'><strong>,</strong></span> <span class='ocrx_word' id='word_1_323' title='bbox 2165 2709 2270 2763; x_wconf 86' lang='lat' dir='ltr'><strong>hoc</strong></span> <span class='ocrx_word' id='word_1_324' title='bbox 2299 2712 2505 2784; x_wconf 86' lang='lat' dir='ltr'><strong>amphi-</strong></span> 
     </span>
     <span class='ocr_line' id='line_1_65' title="bbox 1474 2786 2504 2845; baseline 0.007 -6"><span class='ocrx_word' id='word_1_325' title='bbox 1474 2788 1648 2841; x_wconf 88' lang='lat' dir='ltr'><strong>bolico</strong></span> <span class='ocrx_word' id='word_1_326' title='bbox 1683 2806 1838 2841; x_wconf 72' lang='lat' dir='ltr'><strong>versu</strong></span> <span class='ocrx_word' id='word_1_327' title='bbox 1877 2786 2340 2843; x_wconf 73' lang='lat' dir='ltr'><strong>decantatissimo:</strong></span> <span class='ocrx_word' id='word_1_328' title='bbox 2368 2794 2504 2845; x_wconf 73' lang='lat' dir='ltr'><strong>«Aio</strong></span> 
     </span>
     <span class='ocr_line' id='line_1_66' title="bbox 1476 2866 2504 2945; baseline 0.005 -26"><span class='ocrx_word' id='word_1_329' title='bbox 1476 2878 1557 2930; x_wconf 87' lang='lat' dir='ltr'><strong>te,</strong></span> <span class='ocrx_word' id='word_1_330' title='bbox 1579 2866 1797 2921; x_wconf 82' lang='lat' dir='ltr'><strong>AEacida</strong></span> <span class='ocrx_word' id='word_1_331' title='bbox 1813 2905 1830 2932; x_wconf 85' lang='lat'><strong>,</strong></span> <span class='ocrx_word' id='word_1_332' title='bbox 1851 2868 2120 2923; x_wconf 76' lang='lat' dir='ltr'><strong>Romanos</strong></span> <span class='ocrx_word' id='word_1_333' title='bbox 2143 2870 2356 2924; x_wconf 72' lang='lat' dir='ltr'><strong>vincere</strong></span> <span class='ocrx_word' id='word_1_334' title='bbox 2380 2891 2504 2945; x_wconf 71' lang='lat' dir='ltr'><strong>pos-</strong></span> 
     </span>
     <span class='ocr_line' id='line_1_67' title="bbox 1474 2945 2498 3013; baseline 0.005 -14"><span class='ocrx_word' id='word_1_335' title='bbox 1474 2966 1532 2999; x_wconf 70' lang='lat' dir='ltr'><strong>se</strong></span> <span class='ocrx_word' id='word_1_336' title='bbox 1544 2974 1584 2998; x_wconf 86' lang='lat'><strong>-.</strong></span> <span class='ocrx_word' id='word_1_337' title='bbox 1609 2948 1733 3013; x_wconf 90' lang='lat' dir='ltr'><strong>Quo</strong></span> <span class='ocrx_word' id='word_1_338' title='bbox 1751 2945 2002 2999; x_wconf 78' lang='lat' dir='ltr'><strong>inductus</strong></span> <span class='ocrx_word' id='word_1_339' title='bbox 2023 2948 2276 3002; x_wconf 75' lang='lat' dir='ltr'><strong>Romanis</strong></span> <span class='ocrx_word' id='word_1_340' title='bbox 2293 2951 2498 3003; x_wconf 87' lang='lat' dir='ltr'><strong>bellum</strong></span> 
     </span>
     <span class='ocr_line' id='line_1_68' title="bbox 1472 3025 2497 3097; baseline 0.005 -20"><span class='ocrx_word' id='word_1_341' title='bbox 1472 3025 1678 3092; x_wconf 85' lang='lat' dir='ltr'><strong>intulit,</strong></span> <span class='ocrx_word' id='word_1_342' title='bbox 1713 3044 1742 3078; x_wconf 85' lang='lat' dir='ltr'><strong>a</strong></span> <span class='ocrx_word' id='word_1_343' title='bbox 1778 3025 1970 3097; x_wconf 72' lang='lat' dir='ltr'><strong>quihus</strong></span> <span class='ocrx_word' id='word_1_344' title='bbox 2004 3026 2180 3093; x_wconf 75' lang='lat' dir='ltr'><strong>victus</strong></span> <span class='ocrx_word' id='word_1_345' title='bbox 2218 3030 2497 3082; x_wconf 87' lang='lat' dir='ltr'><strong>oraculum</strong></span> 
     </span>
    </p>
   </div>
   <div class='ocr_carea' id='block_1_15' title="bbox 1466 3112 2500 4117">
    <p class='ocr_par' dir='ltr' id='par_1_19' title="bbox 1471 3112 2359 3181">
     <span class='ocr_line' id='line_1_69' title="bbox 1471 3112 2359 3181; baseline 0.002 -15"><span class='ocrx_word' id='word_1_346' title='bbox 1471 3112 1714 3181; x_wconf 89' lang='lat' dir='ltr'><strong>demum,</strong></span> <span class='ocrx_word' id='word_1_347' title='bbox 1734 3112 1826 3166; x_wconf 78' lang='lat' dir='ltr'><strong>aed</strong></span> <span class='ocrx_word' id='word_1_348' title='bbox 1853 3113 2021 3167; x_wconf 71' lang='lat' dir='ltr'><strong>aerius</strong></span> <span class='ocrx_word' id='word_1_349' title='bbox 2038 3154 2054 3180; x_wconf 91' lang='lat'><strong>,</strong></span> <span class='ocrx_word' id='word_1_350' title='bbox 2087 3114 2359 3169; x_wconf 81' lang='lat' dir='ltr'><strong>intellexit.</strong></span> 
     </span>
    </p>

    <p class='ocr_par' dir='ltr' id='par_1_20' title="bbox 1466 3195 2500 3979">
     <span class='ocr_line' id='line_1_70' title="bbox 1543 3195 2494 3258; baseline 0.003 -14"><span class='ocrx_word' id='word_1_351' title='bbox 1543 3196 1592 3245; x_wconf 84' lang='lat'><strong>6.</strong></span> <span class='ocrx_word' id='word_1_352' title='bbox 1612 3195 1898 3254; x_wconf 67' lang='lat' dir='ltr'><strong>ssteice‘um,</strong></span> <span class='ocrx_word' id='word_1_353' title='bbox 1921 3196 2144 3258; x_wconf 63' lang='lat' dir='ltr'><strong>Lybie-um</strong></span> <span class='ocrx_word' id='word_1_354' title='bbox 2156 3233 2171 3246; x_wconf 92' lang='lat'><strong>.</strong></span> <span class='ocrx_word' id='word_1_355' title='bbox 2183 3234 2197 3247; x_wconf 90' lang='lat'><strong>.</strong></span> <span class='ocrx_word' id='word_1_356' title='bbox 2210 3208 2374 3246; x_wconf 65' lang='lat' dir='ltr'><strong>..secat</strong></span> <span class='ocrx_word' id='word_1_357' title='bbox 2393 3198 2494 3247; x_wconf 78' lang='lat' dir='ltr'><strong>bos.</strong></span> 
     </span>
     <span class='ocr_line' id='line_1_71' title="bbox 1467 3270 2498 3346; baseline 0.004 -21"><span class='ocrx_word' id='word_1_358' title='bbox 1467 3270 1711 3345; x_wconf 86' lang='lat' dir='ltr'><strong>Intellige</strong></span> <span class='ocrx_word' id='word_1_359' title='bbox 1753 3273 1952 3327; x_wconf 81' lang='lat' dir='ltr'><strong>bovem</strong></span> <span class='ocrx_word' id='word_1_360' title='bbox 2003 3272 2058 3324; x_wconf 89' lang='lat' dir='ltr'><strong>in</strong></span> <span class='ocrx_word' id='word_1_361' title='bbox 2095 3292 2258 3346; x_wconf 82' lang='lat' dir='ltr'><strong>quarn</strong></span> <span class='ocrx_word' id='word_1_362' title='bbox 2299 3286 2498 3329; x_wconf 82' lang='lat' dir='ltr'><strong>mutata</strong></span> 
     </span>
     <span class='ocr_line' id='line_1_72' title="bbox 1469 3350 2496 3424; baseline 0.004 -22"><span class='ocrx_word' id='word_1_363' title='bbox 1469 3351 1536 3403; x_wconf 87' lang='lat'><strong>10</strong></span> <span class='ocrx_word' id='word_1_364' title='bbox 1553 3388 1568 3413; x_wconf 91' lang='lat'><strong>,</strong></span> <span class='ocrx_word' id='word_1_365' title='bbox 1617 3361 1775 3403; x_wconf 72' lang='lat' dir='ltr'><strong>oeetro</strong></span> <span class='ocrx_word' id='word_1_366' title='bbox 1815 3350 2048 3423; x_wconf 76' lang='lat' dir='ltr'><strong>percita,</strong></span> <span class='ocrx_word' id='word_1_367' title='bbox 2082 3370 2142 3403; x_wconf 86' lang='lat' dir='ltr'><strong>ex</strong></span> <span class='ocrx_word' id='word_1_368' title='bbox 2181 3352 2397 3424; x_wconf 81' lang='lat' dir='ltr'><strong>Europa</strong></span> <span class='ocrx_word' id='word_1_369' title='bbox 2440 3355 2496 3406; x_wconf 84' lang='lat' dir='ltr'><strong>in</strong></span> 
     </span>
     <span class='ocr_line' id='line_1_73' title="bbox 1467 3428 2500 3506; baseline 0.005 -25"><span class='ocrx_word' id='word_1_370' title='bbox 1467 3428 1649 3481; x_wconf 76' lang='lat' dir='ltr'><strong>Aaiam</strong></span> <span class='ocrx_word' id='word_1_371' title='bbox 1701 3447 1797 3500; x_wconf 87' lang='lat' dir='ltr'><strong>per</strong></span> <span class='ocrx_word' id='word_1_372' title='bbox 1847 3430 2142 3501; x_wconf 75' lang='lat' dir='ltr'><strong>Bosporum</strong></span> <span class='ocrx_word' id='word_1_373' title='bbox 2175 3430 2463 3486; x_wconf 81' lang='lat' dir='ltr'><strong>Thracium</strong></span> <span class='ocrx_word' id='word_1_374' title='bbox 2483 3479 2500 3506; x_wconf 83' lang='lat'><strong>,</strong></span> 
     </span>
     <span class='ocr_line' id='line_1_74' title="bbox 1468 3506 2498 3581; baseline 0.001 -19"><span class='ocrx_word' id='word_1_375' title='bbox 1468 3508 1584 3575; x_wconf 84' lang='lat' dir='ltr'><strong>vel,</strong></span> <span class='ocrx_word' id='word_1_376' title='bbox 1608 3520 1667 3562; x_wconf 91' lang='lat' dir='ltr'><strong>ut</strong></span> <span class='ocrx_word' id='word_1_377' title='bbox 1688 3506 1777 3561; x_wconf 77' lang='lat' dir='ltr'><strong>alii</strong></span> <span class='ocrx_word' id='word_1_378' title='bbox 1800 3508 2060 3573; x_wconf 73' lang='lat' dir='ltr'><strong>scribunt,</strong></span> <span class='ocrx_word' id='word_1_379' title='bbox 2081 3527 2180 3581; x_wconf 88' lang='lat' dir='ltr'><strong>per</strong></span> <span class='ocrx_word' id='word_1_380' title='bbox 2198 3512 2498 3563; x_wconf 62' lang='lat' dir='ltr'><strong>&amp;huetium</strong></span> 
     </span>
     <span class='ocr_line' id='line_1_75' title="bbox 1466 3587 2496 3658; baseline 0.006 -19"><span class='ocrx_word' id='word_1_381' title='bbox 1466 3588 1670 3658; x_wconf 81' lang='lat' dir='ltr'><strong>trajecit</strong></span> <span class='ocrx_word' id='word_1_382' title='bbox 1691 3628 1707 3653; x_wconf 92' lang='lat'><strong>,</strong></span> <span class='ocrx_word' id='word_1_383' title='bbox 1751 3599 1910 3658; x_wconf 87' lang='lat' dir='ltr'><strong>atque</strong></span> <span class='ocrx_word' id='word_1_384' title='bbox 1951 3587 2075 3642; x_wconf 89' lang='lat' dir='ltr'><strong>inde</strong></span> <span class='ocrx_word' id='word_1_385' title='bbox 2115 3602 2318 3644; x_wconf 85' lang='lat' dir='ltr'><strong>tranato</strong></span> <span class='ocrx_word' id='word_1_386' title='bbox 2360 3593 2496 3646; x_wconf 83' lang='lat' dir='ltr'><strong>mari</strong></span> 
     </span>
     <span class='ocr_line' id='line_1_76' title="bbox 1467 3666 2498 3743; baseline 0.007 -26"><span class='ocrx_word' id='word_1_387' title='bbox 1467 3666 1614 3738; x_wconf 84' lang='lat' dir='ltr'><strong>quod</strong></span> <span class='ocrx_word' id='word_1_388' title='bbox 1646 3666 1822 3719; x_wconf 72' lang='lat' dir='ltr'><strong>Asiam</strong></span> <span class='ocrx_word' id='word_1_389' title='bbox 1853 3668 1991 3721; x_wconf 88' lang='lat' dir='ltr'><strong>inter</strong></span> <span class='ocrx_word' id='word_1_390' title='bbox 2028 3678 2080 3722; x_wconf 82' lang='lat' dir='ltr'><strong>et</strong></span> <span class='ocrx_word' id='word_1_391' title='bbox 2120 3670 2358 3743; x_wconf 79' lang='lat' dir='ltr'><strong>Libyen,</strong></span> <span class='ocrx_word' id='word_1_392' title='bbox 2393 3670 2498 3725; x_wconf 88' lang='lat' dir='ltr'><strong>hoc</strong></span> 
     </span>
     <span class='ocr_line' id='line_1_77' title="bbox 1470 3746 2498 3822; baseline 0.004 -23"><span class='ocrx_word' id='word_1_393' title='bbox 1470 3757 1582 3809; x_wconf 70' lang='lat' dir='ltr'><strong>eat,</strong></span> <span class='ocrx_word' id='word_1_394' title='bbox 1609 3746 1876 3812; x_wconf 79' lang='lat' dir='ltr'><strong>Africam,</strong></span> <span class='ocrx_word' id='word_1_395' title='bbox 1917 3746 2222 3816; x_wconf 85' lang='lat' dir='ltr'><strong>intercedit,</strong></span> <span class='ocrx_word' id='word_1_396' title='bbox 2257 3750 2498 3822; x_wconf 79' lang='lat' dir='ltr'><strong>pervenit</strong></span> 
     </span>
     <span class='ocr_line' id='line_1_78' title="bbox 1470 3824 2494 3899; baseline 0.004 -22"><span class='ocrx_word' id='word_1_397' title='bbox 1470 3824 1526 3877; x_wconf 91' lang='lat' dir='ltr'><strong>in</strong></span> <span class='ocrx_word' id='word_1_398' title='bbox 1546 3830 1875 3899; x_wconf 70' lang='lat' dir='ltr'><strong>Egyptum,</strong></span> <span class='ocrx_word' id='word_1_399' title='bbox 1917 3827 2009 3880; x_wconf 88' lang='lat' dir='ltr'><strong>uhi</strong></span> <span class='ocrx_word' id='word_1_400' title='bbox 2033 3827 2177 3881; x_wconf 87' lang='lat' dir='ltr'><strong>culta</strong></span> <span class='ocrx_word' id='word_1_401' title='bbox 2202 3828 2303 3880; x_wconf 82' lang='lat' dir='ltr'><strong>sub</strong></span> <span class='ocrx_word' id='word_1_402' title='bbox 2335 3827 2494 3881; x_wconf 69' lang='lat' dir='ltr'><strong>Isidis</strong></span> 
     </span>
     <span class='ocr_line' id='line_1_79' title="bbox 1472 3903 2489 3979; baseline 0.002 -22"><span class='ocrx_word' id='word_1_403' title='bbox 1472 3905 1691 3958; x_wconf 85' lang='lat' dir='ltr'><strong>nomine</strong></span> <span class='ocrx_word' id='word_1_404' title='bbox 1711 3915 1805 3957; x_wconf 70' lang='lat' dir='ltr'><strong>eat.</strong></span> <span class='ocrx_word' id='word_1_405' title='bbox 1827 3903 1973 3959; x_wconf 83' lang='lat' dir='ltr'><strong>Editi</strong></span> <span class='ocrx_word' id='word_1_406' title='bbox 2006 3906 2222 3979; x_wconf 87' lang='lat' dir='ltr'><strong>quidam</strong></span> <span class='ocrx_word' id='word_1_407' title='bbox 2257 3906 2489 3960; x_wconf 83' lang='lat' dir='ltr'><strong>habent:</strong></span> 
     </span>
    </p>

    <p class='ocr_par' dir='ltr' id='par_1_21' title="bbox 1472 3982 2493 4117">
     <span class='ocr_line' id='line_1_80' title="bbox 1472 3982 2493 4040; baseline 0.002 -5.073"><span class='ocrx_word' id='word_1_408' title='bbox 1472 3984 1574 4035; x_wconf 75' lang='lat' dir='ltr'><strong>«Et</strong></span> <span class='ocrx_word' id='word_1_409' title='bbox 1601 3982 1790 4036; x_wconf 77' lang='lat' dir='ltr'><strong>furiata</strong></span> <span class='ocrx_word' id='word_1_410' title='bbox 1815 3997 1970 4039; x_wconf 85' lang='lat' dir='ltr'><strong>oestro</strong></span> <span class='ocrx_word' id='word_1_411' title='bbox 1987 3998 2161 4040; x_wconf 77' lang='lat' dir='ltr'><strong>tranat</strong></span> <span class='ocrx_word' id='word_1_412' title='bbox 2187 4002 2330 4038; x_wconf 78' lang='lat' dir='ltr'><strong>mare</strong></span> <span class='ocrx_word' id='word_1_413' title='bbox 2348 3986 2493 4039; x_wconf 85' lang='lat' dir='ltr'><strong>Cim-</strong></span> 
     </span>
     <span class='ocr_line' id='line_1_81' title="bbox 1475 4062 1873 4117; baseline 0 -2"><span class='ocrx_word' id='word_1_414' title='bbox 1475 4062 1697 4115; x_wconf 86' lang='lat' dir='ltr'><strong>merium</strong></span> <span class='ocrx_word' id='word_1_415' title='bbox 1718 4064 1855 4117; x_wconf 73' lang='lat' dir='ltr'><strong>boa·</strong></span> <span class='ocrx_word' id='word_1_416' title='bbox 1833 4088 1873 4115; x_wconf 94' lang='grc'><strong>.</strong></span> 
     </span>
    </p>
   </div>
  </div>
 </body>
</html>
