2964 4690
519 344 648 431 154
845 348 1094 416 VITA
1147 347 1274 418 ET
1321 349 1593 418 ACTA
1652 347 2298 420 MAXIMIANI.

505 503 542 544 a
575 478 965 546 Maximiano
999 479 1342 570 significari
1364 528 1382 560 ,
1427 505 1505 546 ex
1546 482 1757 570 elogio
1777 529 1795 563 ,
1842 481 2021 568 quod
2061 481 2147 544 illi
2188 479 2451 563 tribuit,
2491 483 2641 547 satis

505 584 814 672 adparere
863 584 1145 650 arbitror
1180 610 1196 649 ε
1251 587 1649 673 Magnarum
1712 597 2023 652 scrutator
2080 587 2362 648 maxime
2410 609 2639 654 rerum.

507 689 904 756 Eruditionis
937 706 1003 755 et
1033 690 1348 757 facultatis
1384 693 1653 782 poeticae
1700 693 1766 756 in
1816 692 2087 758 Boethio
2134 706 2199 755 et
2246 691 2639 758 Maximiano

507 811 762 861 tantum
809 795 1156 862 discrimen
1175 845 1195 879 ,
1233 814 1312 862 ut
1351 797 1621 886 quidem
1668 797 1933 864 Moneta
1980 797 2150 878 vult,
2200 821 2331 862 non
2383 813 2482 862 est
2501 846 2522 880 ,
2566 813 2643 862 ut

477 891 844 990 ³propterea
871 903 1196 968 familiaris
1229 903 1400 968 inter
1429 927 1543 968 eos
1575 901 1981 968 consuetudo
2008 925 2147 968 esse
2172 926 2306 968 non
2330 903 2637 992 potuerit.

505 1007 735 1096 Neque
761 1007 1192 1074 Maximianus
1221 1027 1352 1074 tam
1389 1009 1607 1074 fatuus
1650 1025 1715 1073 et
1753 1009 2038 1089 abjectus
2064 1009 2267 1072 homo
2287 1057 2306 1091 ,
2334 1025 2448 1072 aut
2478 1011 2640 1074 Boe·

504 1113 681 1177 thius
719 1129 847 1178 tam
887 1113 1156 1178 incivilis
1189 1113 1555 1178 censendus
1588 1130 1723 1196 est,
1766 1128 1841 1179 ut
1882 1130 2102 1204 posset
2132 1113 2466 1178 hominem
2498 1131 2641 1178 stu-

505 1218 764 1282 diosum
819 1220 962 1301 sui,
1007 1243 1044 1284 a
1093 1220 1280 1285 vultu
1331 1221 1645 1309 adituque
1689 1243 1810 1284 suo
1859 1219 2142 1299 rejicere.
2192 1219 2370 1301 Quin
2426 1220 2639 1307 ipsum

501 1323 846 1390 Boethium
871 1374 889 1407 ,
937 1326 1148 1389 virum
1198 1348 1456 1415 gravem
1504 1341 1569 1390 et
1614 1324 1881 1390 doctum
1903 1372 1924 1407 ,
1967 1346 2173 1412 quum
2216 1326 2492 1390 amicitia
2540 1325 2641 1388 di-

502 1447 736 1520 gnatus
773 1429 1236 1495 Maximianum
1276 1447 1406 1514 est,
1440 1429 1619 1495 haud
1649 1447 1887 1494 vanum
1928 1429 1987 1494 ei
2020 1429 2465 1494 testimonium
2496 1455 2641 1520 per-

502 1535 731 1600 hibere
765 1535 1062 1600 existimo
1097 1535 1481 1601 eruditionis
1526 1551 1592 1600 et
1632 1535 1898 1624 ingenii'
1920 1557 2055 1599 non
2093 1534 2387 1600 absurdi.'
2412 1537 2639 1619 Quum

505 1641 722 1706 multae
767 1640 988 1706 adesse
1025 1665 1263 1707 caussae
1296 1657 1655 1731 potuerunt
1692 1641 1986 1706 amicitiae
2028 1641 2199 1706 inter
2236 1665 2347 1706 eos
2380 1659 2641 1707 contra-

505 1746 776 1827 hendae,
837 1770 996 1834 quas
1041 1745 1237 1812 hodie
1281 1748 1692 1837 ignoramus,
1745 1763 1888 1812 tum
1934 1747 2229 1835 inprimis
2275 1746 2639 1812 studiorum

501 1869 698 1939 atque
731 1852 1061 1917 honorum
1104 1869 1438 1942 gestorum
1479 1853 1835 1918 similitudo
1858 1902 1875 1935 ,
1912 1876 2026 1942 par
2055 1851 2331 1941 dignitas
2365 1868 2432 1916 et
2457 1875 2641 1917 com-

509 1959 726 2021 munis
776 1957 870 2023 rei
929 1957 1205 2046 publicae
1251 1957 1724 2022 administratio
1778 1957 2268 2023 familiaritatem
2318 1957 2489 2022 inter
2530 1981 2641 2022 eos

503 2062 813 2129 conflasse
851 2063 1130 2128 videtur.
1180 2065 1727 2152 Quantacumque
1771 2066 1965 2129 etiam
2013 2063 2208 2128 fuerit
2244 2063 2495 2128 Boethii
2542 2062 2642 2127 di-

505 2169 753 2258 gnitas,
803 2193 936 2234 non
983 2171 1304 2235 minorem
1353 2171 1551 2236 fuisse
1592 2171 1965 2235 Maximiani
2008 2169 2341 2250 existimO,
2379 2171 2492 2256 qui
2524 2170 2643 2234 Vir

507 2275 780 2340 Illustris
799 2275 974 2365 apud
995 2268 1454 2341 cassiodorum
1491 2275 1705 2361 audit,
1739 2292 1805 2341 et
1835 2299 2041 2365 quum
2073 2299 2111 2339 a
2140 2277 2313 2365 Rege
2332 2271 2642 2339 Theodo-

505 2382 642 2444 rico
684 2382 753 2444 in
797 2382 1135 2447 Orientem
1183 2383 1416 2447 missus
1447 2380 1790 2471 splendido
1828 2382 2045 2471 Legati
2078 2404 2351 2446 munere
2377 2382 2645 2445 functus

505 2502 638 2567 est,
686 2486 862 2551 haud
913 2488 1111 2552 dubie
1158 2488 1374 2576 plures
1410 2505 1603 2553 antea
1628 2489 1960 2553 honorum
2006 2487 2241 2577 gradus
2274 2486 2642 2575 permeavit.

504 2593 766 2682 Legatio
787 2609 1004 2658 autem
1031 2617 1104 2659 ea
1119 2644 1137 2676 ,
1163 2594 1479 2660 Goldasto
1508 2609 1571 2657 et
1596 2595 1963 2659 Fontanino
1987 2610 2160 2659 recte
2175 2590 2644 2674 judicantibus,

401 2682 406 2697 ¹
497 2698 686 2778 jussu
719 2696 1110 2763 Theodorici
1153 2698 1322 2787 regis
1360 2714 1659 2785 suscepta
1692 2714 1789 2761 est
1827 2694 1909 2761 ad
1940 2697 2351 2761 Anastasium
2372 2744 2391 2777 ,
2432 2696 2647 2782 Impe-

503 2820 779 2868 ratorem
820 2804 1122 2871 Orientis.
1169 2806 1336 2869 Nam
1377 2804 1807 2869 Maximianus
1844 2802 2001 2869 dicit
2031 2803 2129 2867 El.
2168 2802 2250 2885 V,
2296 2824 2323 2865 1
2368 2799 2643 2865 missam

503 2930 571 2973 se
603 2932 742 2973 esse
773 2908 856 2972 ad
883 2910 1058 2972 ans
1074 2923 1298 2997 partes
1321 2910 1507 2997 pacis
1538 2906 1856 2971 nectenda?
1888 2930 2146 2990 caussa,
2181 2922 2245 2970 et
2275 2905 2451 2994 apud
2484 2908 2645 2975 Cas-

503 3016 840 3079 siodoru'm
871 3015 1211 3079 Variarum
1244 3014 1414 3078 libro
1441 3014 1507 3096 1,
1545 3014 1815 3102 epistola
1844 3014 2055 3101 prima
2076 3060 2095 3094 ,
2124 3034 2269 3100 quoe
2298 3026 2397 3075 est
2422 3010 2647 3074 Theo-

505 3120 709 3183 dorici
741 3120 933 3209 Regis
972 3117 1054 3183 ad
1093 3119 1502 3183 Anastasium
1532 3120 1692 3207 Imp.
1742 3140 1965 3206 pacem
1994 3133 2062 3182 et
2091 3116 2436 3181 amicitiam
2474 3115 2651 3179 inter

508 3240 861 3313 utrumque
901 3225 1248 3313 imperium
1287 3222 1800 3289 confirmandam
1840 3222 2036 3288 offert
2078 3240 2143 3286 et
2188 3218 2608 3287 commendat
2630 3269 2649 3301 ,

507 3352 686 3417 quae,
723 3329 1039 3394 Goldasto
1081 3346 1253 3394 recte
1282 3328 1613 3409 judicante
1634 3378 1651 3412 ,
1685 3331 1900 3417 ipsum
1944 3327 2227 3416 diploma
2270 3326 2650 3416 legationis,

503 3458 698 3523 quam
728 3435 1155 3499 Maximianus
1182 3434 1380 3517 obiit,
1409 3460 1549 3501 esse
1578 3437 1858 3500 videtur.
1896 3434 2104 3525 Igitur
2124 3434 2219 3497 ad
2241 3435 2411 3498 ans
2426 3446 2655 3521 partes

505 3557 690 3605 notat
726 3543 1354 3630 Constantinopolim
1380 3592 1399 3625 ,
1451 3544 1567 3607 ubi
1613 3540 2258 3608 dum‘Maximianus
2305 3538 2655 3629 legationis

503 3670 724 3711 caussa
756 3646 1149 3728 morabatur,
1183 3648 1489 3737 contigit,
1522 3648 1701 3735 quod
1728 3648 1836 3712 ille
1864 3670 2017 3711 mox
2042 3646 2307 3729 subjicit
2334 3646 2433 3711 El.
2458 3644 2538 3725 V,
2570 3642 2608 3709 5
2634 3668 2653 3708 t

793 3812 894 3865 Hic
919 3829 1004 3864 nie
1028 3812 1314 3883 suscipiens
1335 3812 1570 3867 Etrusco
1597 3813 1767 3885 gentis
1794 3811 2070 3873 alumnum

861 3898 1092 3953 Involvit
1121 3900 1306 3971 patriis
1333 3899 1495 3954 Graia
1518 3900 1696 3972 puella
1719 3898 1871 3953 dolis.

523 4070 746 4150 Quum
787 4092 853 4133 se
895 4085 1242 4156 susceptum
1285 4068 1440 4134 dicit
1484 4093 1517 4131 a
1562 4071 1749 4135 Graia
1792 4068 2035 4158 puella,
2082 4068 2337 4134 videtur
2366 4070 2655 4155 copam,
