2964 4690
479 387 630 456 122·

891 363 1627 441 EPIGRAMMATA
1678 364 1809 432 DE
1858 363 2171 436 ROSlS.

564 485 787 556 Altera
823 487 1142 581 puniceos
1180 487 1398 580 apioes
1433 486 1726 556 umbone
1765 484 2065 568 levabat;

565 598 788 666 Tertia
821 621 958 667 non
1001 611 1218 677 totum
1247 595 1495 686 calathi
1524 595 1924 692 patefecerat
1958 594 2221 686 orbem,
2574 618 2597 655 ⁵

564 709 822 796 Quarta
857 705 1052 776 simul
1091 708 1322 792 nituit,
1359 719 1623 778 mutato
1666 707 1957 802 tegmine
2001 703 2205 772 floris.

563 820 746 885 Dum
781 814 952 886 levat
980 840 1112 886 una
1143 831 1377 912 caput,
1409 816 1707 912 dumque
1738 813 2023 910 explicat
2054 812 2261 883 altera
2290 813 2575 896 nodum,

564 925 741 995 Huic
772 925 932 994 dum
967 927 1306 1021 virgineus
1339 927 1561 1021 pudor
1602 941 2004 996 extenuatur
2042 924 2327 1009 amictu,

565 1033 667 1100 Ne
707 1048 1010 1126 pereant,
1045 1031 1190 1129 lege
1231 1059 1424 1104 mane
1457 1061 1676 1124 rosas3
1704 1036 1839 1105 cito
1882 1036 2073 1128 virgo
2105 1033 2403 1104 senescit.

481 1247 752 1308 corymbum
778 1243 938 1298 etiam
967 1243 1322 1318 Hieronymus
1339 1245 1495 1318 epist.

473 1321 660 1375 xxv1
687 1322 756 1377 ad
773 1322 1187 1379 pammachium.
1475 1325 1482 1330 ’

547 1409 595 1464 4.
623 1406 837 1455 Utnbone
859 1405 1082 1465 levabat,
1108 1401 1164 1455 in
1189 1403 1389 1456 vertice
1407 1402 1495 1456 vel

477 1480 690 1551 fastigio
711 1481 952 1552 paullum
981 1493 1166 1554 aperto
1189 1480 1495 1537 adtollebat.

481 1563 630 1610 Uaenbo
647 1561 859 1631 proprie
882 1572 958 1612 est
977 1561 1149 1633 clypei
1175 1579 1300 1634 pars
1323 1561 1495 1614 media

479 1636 692 1705 editior,
708 1638 912 1709 apicem
935 1651 1150 1690 acutum
1173 1638 1388 1692 habens.

551 1715 602 1768 5.
625 1719 824 1768 Calathi
847 1718 1150 1784 patefecerat
1167 1721 1344 1772 orbem.
1364 1717 1492 1770 Vid.

483 1813 644 1865 supra
667 1795 866 1848 Auson.
891 1797 1010 1848 Ros.
1031 1815 1081 1847 v.
1112 1797 1196 1849 31.

549 1877 598 1926 6.
635 1878 790 1926 Simul
821 1877 976 1926 nituit.
1016 1874 1083 1928 ld
1127 1875 1260 1928 mihi
1287 1875 1499 1930 videtur

479 1971 594 2006 esse
602 1967 702 2004 tota
717 1956 871 2016 nituit,
887 1953 1104 2026 singulis
1115 1973 1250 2008 rose
1263 1957 1499 2028 partibus

480 2033 678 2105 pariter
697 2035 996 2107 conspicuis
1012 2075 1027 2101 ,
1053 2034 1179 2106 quia
1206 2038 1368 2087 Tertia
1395 2056 1499 2088 non

477 2125 647 2165 totum.
704 2114 786 2166 Ita
835 2114 978 2166 enim
1029 2117 1175 2166 simul
1229 2114 1498 2168 interdum

477 2192 766 2264 exprimere
792 2203 958 2246 totam
995 2213 1109 2246 rem
1145 2193 1375 2259 videtur,
1412 2213 1496 2247 re-

475 2283 660 2342 spectu
675 2272 854 2325 habito
873 2273 1106 2345 plurium
1123 2276 1235 2348 ejus
1246 2274 1500 2345 partium,

477 2369 608 2421 quas
626 2364 798 2405 totum
827 2354 978 2405 simul
1006 2354 1385 2426 complectitur.
1411 2354 1499 2406 Li-

473 2430 590 2482 vius
603 2431 704 2497 VI,
723 2439 780 2496 4:
800 2458 822 2479 ι
835 2434 1002 2486 Roma
1021 2452 1188 2505 quum
1205 2432 1501 2505 frequentia

476 2528 739 2576 crescere,
765 2524 876 2565 tum
903 2524 1012 2567 tota
1033 2514 1194 2566 simul
1214 2532 1501 2585 exsurgere

479 2588 716 2643 aedificiis
739 2593 894 2664 eoepit
911 2617 955 2645 ι.
983 2595 1144 2644 Ninee't
1165 2591 1500 2664 splendorem

477 2686 609 2722 msa
644 2670 808 2740 plenae
839 2684 892 2723 et
919 2671 1111 2725 adulte
1135 2671 1414 2745 exprimit,
1441 2685 1501 2726 ut

477 2752 640 2801 lucere
693 2750 848 2803 flores
901 2752 1150 2805 dicuntur
1192 2752 1247 2804 in
1291 2752 1499 2806 Colum.

481 2828 629 2881 Hort-
657 2848 708 2881 v.
733 2832 851 2899 293.
876 2862 946 2872 —-
969 2837 1160 2883 Mutato
1186 2834 1503 2901 tegmine-flo-

477 2912 562 2961 ris.
589 2914 790 2961 Nudam
815 2910 1100 2982 legendum
1129 2911 1338 2963 monuit
1361 2911 1501 2963 Can-

480 2989 776 3059 negieterus
803 2989 875 3042 ad
897 2990 1083 3043 Avian.
1115 2990 1221 3042 fab.
1249 2990 1345 3054 38,
1379 3006 1502 3061 pag.

485 3088 581 3120 222
607 3088 623 3131 3
653 3068 1036 3140 Oudendorpio
1085 3067 1282 3140 placuit
1330 3070 1505 3121 mutati

482 3148 566 3198 vel
591 3151 769 3199 nudati
789 3152 1013 3218 germine
1032 3152 1212 3221 finis,
1251 3160 1310 3200 ut
1336 3148 1501 3201 refert

485 3226 823 3278 Burmannus
845 3246 859 3280 t
885 3225 977 3279 sed
1003 3227 1156 3280 lectio
1182 3226 1392 3299 vulgata
1417 3244 1501 3279 re·-

485 3316 572 3357 cte
599 3322 654 3355 se
686 3304 846 3357 habet
865 3344 880 3370 ,
907 3320 958 3359 et
981 3324 1163 3359 sensus
1188 3308 1305 3378 ejus
1331 3324 1495 3359 verus

481 3382 797 3455 quarendus
835 3396 925 3437 est.
955 3390 1146 3437 Mutato
1184 3387 1394 3453 tegmine
1421 3398 1501 3437 est

487 3462 685 3527 ablato,
703 3475 924 3529 remoto,
945 3462 1185 3535 deposito
1204 3503 1218 3528 ,
1238 3464 1501 3536 siquidem

493 3541 822 3603 Gronovius,
841 3543 1059 3596 Observ.
1073 3544 1161 3597 lib.
1192 3545 1300 3608 111,
1318 3562 1434 3615 cap.
1455 3562 1476 3596 1
1490 3554 1509 3609 ,'

485 3621 726 3692 pluribus
766 3621 898 3673 locis
937 3624 1190 3675 Veterum
1227 3624 1470 3695 probavit
1490 3662 1506 3687 ,

488 3702 668 3751 'namn‘
694 3718 829 3771 saepe
857 3700 999 3754 idem
1040 3721 1178 3768 esse,
1197 3722 1258 3756 ac
1275 3704 1506 3767 moveri,

488 3780 686 3832 auferri
713 3779 783 3832 de
809 3781 951 3844 loco,
972 3781 1222 3853 quoniam
1257 3783 1362 3836 hoc
1389 3782 1506 3855 ipso

487 3858 562 3911 rei
585 3858 715 3911 situs
733 3878 794 3912 nc
813 3870 978 3912 status
1001 3872 1251 3923 mutatur,
1263 3862 1346 3915 vel
1369 3860 1506 3914 desi·

489 3938 584 3991 uit.
617 3939 850 4005 Quando
876 3954 1062 4009 tegmen
1103 3940 1247 3994 floris
1284 3942 1350 3994 ita
1383 3960 1499 3994 mu-

493 4030 652 4085 tatur‚
671 4019 836 4071 velita
861 4032 1134 4075 amovetur
1155 4033 1205 4074 et
1231 4034 1503 4093 separatur

1578 1263 1610 1298 a
1630 1243 1773 1299 nodo
1792 1283 1807 1310 ‚
1838 1257 1897 1298 ut
1923 1257 2135 1316 tegmen
2160 1243 2307 1297 floris
2324 1243 2587 1298 essedesi-

1578 1335 1673 1377 nat
1690 1362 1704 1386 ,
1733 1336 1845 1377 tum
1867 1342 1987 1378 rosa
2008 1335 2121 1376 tota
2144 1334 2297 1375 nitet.

1652 1403 1704 1456 8.
1734 1407 2052 1456 Est-tenuatur
2076 1405 2274 1453 ainictu.
2296 1401 2339 1452 E
2358 1399 2600 1454 Salmasii

1578 1481 1975 1548 emendetionm
1994 1501 2159 1555 quum
2178 1479 2471 1544 Scriverius
2487 1497 2605 1551 pro-

1580 1562 1701 1628 bat,
1718 1561 1866 1615 haud
1894 1561 2057 1616 dubie
2086 1559 2370 1634 legendum
2404 1572 2483 1613 est
2510 1579 2602 1612 ex-

1578 1645 1819 1701 sinuaeur,
1846 1639 1879 1691 i.
1909 1657 1956 1693 e.
1979 1640 2285 1694 exsolvitur.
2326 1639 2442 1691 Hoc
2477 1655 2603 1690 con-

1584 1720 1804 1772 firmant
1824 1759 1839 1784 ,
1868 1729 2092 1773 testante
2112 1720 2438 1784 But-manno,
2460 1715 2604 1770 sche-

1580 1798 1660 1852 dss
1698 1799 2009 1853 Divionens.
2058 1811 2172 1851 tum
2212 1817 2393 1852 versus
2447 1798 2606 1869 plane

1580 1878 1765 1932 similis
1784 1877 1981 1949 Elegia
1996 1877 2063 1931 de
2083 1877 2258 1941 Rosis,
2286 1895 2351 1947 ²9
2372 1895 2385 1929 z
2425 1902 2449 1924 ι
2473 1877 2609 1929 Ver-

1581 1959 1681 2012 tice
1717 1958 1967 2012 collectos
2007 1957 2093 2010 illa
2132 1957 2437 2010 exsinuabat
2475 1956 2609 2008 nmi-

1582 2049 1699 2092 ctus
1716 2062 1755 2089 n.
1778 2037 1979 2109 Pervig.
2010 2038 2148 2090 Ven.
2176 2058 2230 2091 v.
2256 2054 2318 2088 n
2348 2051 2362 2086 ε
2404 2062 2429 2081 ιι
2446 2035 2611 2087 Hane

1580 2117 1811 2188 virgines
1832 2116 2057 2188 papillas
2078 2115 2233 2169 solvit
2250 2114 2489 2168 humenti
2520 2133 2611 2185 pe-

1581 2196 1732 2268 plo».
1772 2197 1839 2248 Et
1867 2215 1923 2247 v,
1957 2195 2057 2250 25:
2104 2221 2127 2242 ι
2154 2196 2283 2248 Cras
2319 2195 2569 2247 ruborem
2591 2234 2606 2259 ‚

1582 2276 1673 2350 qui
1690 2276 1881 2329 latebat
1894 2289 2036 2330 veste
2057 2288 2225 2329 tectus
2240 2275 2410 2347 ignea,
2433 2271 2611 2326 Uvido

1583 2358 1770 2409 marita
1796 2354 1942 2409 nodo
1960 2375 2070 2409 non
2098 2354 2320 2428 pudebit
2349 2354 2609 2407 solvere».

1582 2436 1690 2501 Qui
1714 2436 1825 2488 illic
1852 2440 2018 2499 rubor,
2046 2435 2136 2488 hic
2156 2438 2404 2503 virgineus
2421 2436 2606 2501 pudor.

1581 2516 1741 2570 Conf.
1767 2516 1978 2571 Colum.
2000 2516 2150 2569 Hort.
2176 2516 2293 2567 261.

1654 2612 1705 2665 9.
1724 2600 1827 2648 Cito
1839 2598 1983 2665 virgo
1997 2598 2215 2647 senescit.
2230 2594 2296 2646 In
2313 2590 2433 2645 cod.
2448 2590 2609 2643 Salm.

1586 2688 1637 2729 et
1668 2673 1818 2729 Leid.
1848 2676 2039 2729 lacuna
2078 2686 2190 2727 erat
2216 2672 2354 2725 inter
2379 2690 2523 2721 rosas
2560 2680 2615 2721 et

1584 2758 1751 2823 virgo,
1802 2768 1855 2809 et
1894 2758 1989 2807 cieo
2024 2766 2230 2808 tantum
2270 2748 2501 2821 margini
2521 2748 2613 2801 nd·

1586 2836 1841 2908 scriptum
1868 2854 1899 2889 a
1940 2850 2105 2887 mann
2142 2830 2461 2886 recentiore.
2492 2828 2611 2883 Hoc

1586 2926 1763 2967 tamen
1784 2914 2085 2969 aScriverio
2100 2912 2300 2965 editum
2320 2909 2488 2979 magis
2500 2906 2616 2981 pln-

1588 3006 1671 3046 cet
1688 3034 1704 3061 ,
1734 3011 1895 3065 quam
1916 2992 2119 3046 codicis
2142 2989 2354 3066 Divion.
2389 2991 2618 3059 scriptu·

1588 3090 1649 3125 ra
1669 3075 1739 3123 sie
1764 3074 1913 3140 virgo
1932 3073 2163 3137 senescit,
2186 3069 2311 3121 licet
2328 3066 2467 3119 hanc
2485 3084 2615 3138 prae-

1590 3152 1726 3204 ferat
1772 3150 2130 3202 Burmannus.
2187 3150 2341 3215 Virgo
2395 3144 2613 3218 quidem

1590 3248 1849 3281 senescens
1877 3228 2115 3300 proxime
2140 3224 2453 3297 intelligitur
2478 3244 2609 3284 msa,

1590 3308 1847 3379 siquidem
1866 3308 2104 3360 similiter
2121 3305 2388 3358 Ausonius
2404 3302 2472 3356 de
2492 3304 2612 3355 Ros.

1590 3406 1641 3440 v.
1671 3388 1739 3439 36
1760 3406 1775 3440 ε
1804 3413 1828 3432 κ
1852 3388 1917 3438 Et
1940 3385 2067 3439 dum
2098 3394 2405 3447 nascuntur,
2426 3400 2614 3434 conse·

1595 3466 1773 3521 nuisse
1792 3484 1939 3519 rosas
1958 3490 1998 3517 ι.
2026 3462 2130 3517 Sed
2144 3476 2321 3529 tamen
2340 3460 2617 3531 respicitur

1596 3544 1753 3599 simul
1780 3546 1931 3616 virgo
1975 3544 2151 3616 puella
2169 3583 2184 3609 ,
2220 3554 2275 3594 et
2304 3540 2621 3592 admonetur

1596 3626 1894 3697 fragilitatis
1923 3642 2060 3689 suae,
2096 3634 2155 3675 ut
2197 3620 2321 3675 fecit
2352 3618 2619 3672 Ausonius

1594 3706 1651 3759 in
1680 3704 1801 3757 fine.
1830 3734 1900 3744 --
1926 3701 2217 3755 Familia-is
2244 3718 2305 3751 ea
2338 3716 2619 3769 compara·

1594 3784 1670 3837 tio
1702 3785 1873 3855 poetis
1912 3782 2199 3834 veteribus.
2234 3776 2375 3831 Vide
2412 3775 2619 3831 Pantini

1594 3876 1742 3915 notas
1770 3860 1839 3914 nd
1858 3859 2119 3933 Apostolii
2146 3860 2375 3911 Paroem.
2398 3858 2617 3909 Centur.

1589 3941 1778 4003 xvn,
1813 3958 1898 3992 21.
1928 3940 1993 3991 Et
2026 3940 2211 3991 confer
2238 3936 2381 4009 Eleg.
2412 3936 2465 3987 in
2486 3934 2619 3987 obit.

1590 4021 1813 4075 Maecen.
1846 4040 1895 4071 v.
1932 4020 2046 4072 113.
2077 4019 2178 4071 En.
