2964 4690
1082 359 1673 430 Excunsus.
2303 363 2442 464 529

316 487 491 552 mille
540 482 873 550 includere
920 503 1147 573 capsa:
1180 485 1393 550 Omne
1428 483 1594 550 ebur
1636 485 1798 565 hoc‚·
1855 487 2091 552 mulier
2104 536 2123 570 ‚
2157 496 2435 578 pectoris
2543 561 2548 567 ,

314 611 459 658 arca
506 590 604 656 tui
644 584 753 655 ⁷est
776 619 824 654 u.
865 586 1021 673 Quo
1068 585 1546 680 Epigrammate
1591 591 1721 656 hoc
1768 590 2002 656 ludicri
2043 616 2248 682 genus
2293 621 2437 688 gra-

313 697 537 788 phice,
592 711 657 761 et
704 696 959 787 plenius
1010 715 1204 784 quam
1252 697 1335 760 ab
1371 697 1662 761 Ausonio
1697 695 2099 766 describitur.
2145 701 2436 769 Primum

314 803 599 870 ostendit
622 801 895 867 ossicula
917 802 1057 866 haec
1074 801 1359 866 eburnea
1376 800 1576 865 fuisse
1590 849 1609 884 ‚
1635 803 2180 890 quae·fi·mtillatim
2197 827 2436 896 sparsa,

312 912 383 976 in
414 929 627 975 unum
657 921 1284 998 coagmentarentur,
1308 907 1484 972 mille
1511 906 1752 971 formas
1778 921 1844 972 et
1873 909 2232 994 simulacra,
2254 917 2436 1002 quod

316 1032 385 1082 et
399 1015 729 1082 Ausonius
756 1021 1010 1097 monet,
1035 1013 1349 1104 variegata
1366 1014 1868 1079 concinnatione
1897 1020 2438 1104 reprksentantia.

316 1121 569 1188 Deinde
596 1115 855 1186 videtur
876 1121 1159 1186 Antistes
1190 1117 1580 1203 Ticinensis,
1615 1141 1748 1184 non
1781 1121 1922 1185 sine
1959 1123 2177 1212 aliquo
2217 1148 2442 1193 morsu

314 1241 381 1293 et
412 1229 541 1294 sale
579 1228 647 1291 in
686 1227 1052 1316 sequiorem
1098 1245 1325 1292 sexum
1342 1275 1361 1309 ,
1397 1228 1674 1292 innuere
1706 1228 1834 1292 hoc
1871 1226 2196 1294 ludicrum
2229 1233 2438 1298 Poenis

315 1333 539 1400 deberi
554 1380 575 1418 ‚
606 1348 801 1423 atque
828 1351 909 1398 ex
929 1334 1140 1398 Africa
1172 1334 1239 1397 in
1268 1335 1600 1423 Europam
1629 1335 2008 1400 translatum
2036 1359 2052 1400 z
2089 1337 2144 1402 si
2169 1338 2436 1426 quidem

314 1459 423 1505 me
441 1485 460 1523 ,
502 1440 789 1530 vulgatas
824 1439 1137 1505 editiones
1168 1441 1582 1529 castigantem
1600 1484 1620 1523 ,
1668 1437 1922 1522 audias,
1966 1441 2034 1503 in
2069 1443 2310 1529 quibus
2339 1445 2434 1508 le·

313 1546 523 1636 gitur:
544 1545 842 1634 Depoena
864 1559 1116 1626 tener-12,
1138 1561 1203 1610 et
1224 1544 1600 1609 mendosius
1618 1545 1714 1608 De
1719 1566 1928 1632 poena
1946 1559 2207 1615 temet-ce.
2235 1548 2433 1631 Quod

316 1653 371 1715 si
402 1649 880 1716 emendandum
906 1650 993 1714 ita
1009 1699 1028 1732 ,
1051 1665 1127 1714 ut
1151 1648 1281 1715 din·
1301 1699 1319 1726 ‚
1355 1672 1488 1714 non
1511 1651 1623 1732 sit,
1656 1649 2003 1714 tentabunt
2029 1653 2135 1715 alii
2167 1651 2431 1735 melius',

315 1771 383 1821 et
412 1771 739 1844 exponent
774 1755 933 1844 quid
963 1757 1071 1820 hic
1108 1772 1173 1821 et
1210 1755 1505 1845 sequenti
1541 1771 1944 1843 pentametro
1960 1805 1978 1840 ,
2023 1759 2154 1822 sive
2188 1775 2434 1842 auctor,

314 1862 449 1926 sive
490 1860 731 1925 librarii
759 1863 1007 1942 .velint,
1064 1861 1245 1948 quod
1288 1860 1592 1950 equidem
1630 1883 1780 1925 cum
1817 1861 2234 1951 ignarissimis
2277 1866 2431 1931 scio,

318 1966 485 2050 Quis
510 1982 726 2030 autem
752 1967 1034 2056 ignorat,
1058 1967 1363 2032 Punicam
1372 1961 1604 2052 fidem,
1625 1966 1982 2055 proverbiis
2004 1967 2438 2035 nobilitatam?

316 2069 870 2159 quaePoenafides‚
895 2073 1357 2160 Auson.Epist.
1384 2073 1469 2155 X,
1485 2076 1589 2151 42.
1619 2074 1714 2136 De
1743 2071 1912 2137 fluxa
1935 2074 2279 2138 mulierum
2308 2075 2434 2141 fide
2530 2137 2536 2146 ,

314 2177 479 2241 nihil
510 2177 739 2242 attinet
773 2177 1005 2243 dicere.
1045 2178 1251 2243 Porro
1267 2226 1286 2259 ,
1332 2177 1597 2266 adparet
1642 2199 1720 2241 ex
1759 2177 1888 2242 hoc
1922 2179 2068 2242 loco
2089 2226 2107 2258 ‚
2157 2181 2431 2244 ossicula

314 2282 451 2348 haec
482 2283 739 2372 capsula
768 2282 1034 2349 recondi
1076 2283 1293 2364 solita,
1348 2282 1445 2345 ad
1468 2305 1563 2345 res
1593 2279 1791 2363 mille,
1823 2297 1900 2345 ut
1928 2283 2016 2345 ait
2052 2283 2424 2367 EnnodiuS,

312 2390 601 2457 indidem
621 2391 1032 2481 promendaS‚
1053 2414 1255 2479 quum
1271 2391 1467 2454 animi
1481 2387 1806 2453 relaxandi
1823 2410 2047 2453 caussa
2064 2391 2290 2477 puellae
2312 2393 2434 2457 hac

313 2514 451 2561 arte
485 2496 723 2560 vellent
762 2496 1004 2561 ludere.
1046 2496 1471 2561 Doctissimus
1517 2494 1935 2577 sirmondus,
1986 2496 2054 2559 in
2093 2497 2264 2560 notis
2297 2498 2429 2562 suis

314 2602 398 2666 ad
442 2601 623 2666 illum
657 2618 986 2665 auctorem
1002 2650 1020 2683 ,
1049 2603 1508 2688 interpretatur
1544 2600 1847 2664 Stomatio
1878 2602 2129 2681 eburno,
2165 2602 2388 2668 oscillo
2415 2627 2430 2668 :

314 2725 383 2772 et
423 2706 727 2772 Glossarii
767 2707 987 2772 locum
1018 2705 1282 2771 adhibet
1301 2755 1321 2788 ‚
1363 2720 1681 2794 putatque
1713 2704 1942 2770 eodem
1982 2722 2268 2793 spectare
2307 2708 2434 2772 lar-

313 2836 460 2877 vam
514 2829 882 2902 argenteam
930 2812 1215 2877 Petronii
1250 2810 1497 2877 Arbitri
1517 2860 1537 2893 ,
1591 2810 1775 2890 cujus
1810 2812 2126 2876 catenatio
2176 2812 2432 2877 mobilis

316 2918 593 2983 diversas
622 2917 858 3009 figuras
892 2917 1305 3007 exprimebat.
1343 2918 1479 2999 Qui
1511 2940 1718 3005 quum
1752 2916 1932 2981 hunc
1964 2939 2249 2981 errorem
2285 2920 2433 2983 Sca-

314 3020 549 3109 ligero,
613 3042 808 3108 quem
846 3020 1179 3108 sequitur,
1245 3040 1662 3083 communem
1735 3018 2000 3101 habeat,
2044 3018 2434 3082 refutatione

317 3125 437 3189 alia
490 3147 625 3189 non
669 3122 938 3214 indiget.
992 3125 1145 3188 Haec
1186 3124 1597 3212 scripseram,
1649 3146 1854 3211 quum
1895 3123 2127 3187 iterato
2175 3121 2256 3186 de
2306 3122 2434 3186 hoc

316 3230 567 3297 ludicro
612 3253 761 3295 cum
799 3231 1006 3294 amico
1048 3251 1195 3293 meo
1231 3230 1325 3294 Cl.
1373 3228 1679 3293 Salmasio
1723 3230 2068 3315 loquutus,
2100 3228 2317 3315 accepi
2352 3228 2433 3291 ab

316 3336 428 3400 illo
469 3337 686 3401 locum
729 3336 906 3401 Atilii
954 3334 1398 3400 Fortunatiani
1412 3382 1431 3415 ,
1473 3334 1588 3421 qui
1639 3332 1719 3397 de
1763 3332 1989 3397 Metris
2034 3332 2286 3420 scripsit
2305 3382 2322 3409 ‚
2372 3349 2436 3395 et

314 3442 535 3505 locum
572 3440 832 3527 quidem
880 3437 1380 3505 emendatiorem
1415 3460 1610 3526 quam
1648 3438 1714 3503 in
1759 3434 2185 3516 editionibus3
2231 3436 2436 3523 capite

318 3545 401 3612 de
434 3544 982 3632 Hendecasyllabo
1018 3543 1333 3608 Phalaecio
1376 3566 1392 3608 :
1435 3574 1459 3599 σε
1480 3544 1650 3608 Nam
1688 3544 1740 3606 si
1772 3542 2023 3605 loculus
2057 3542 2163 3604 ille
2205 3543 2434 3606 Archi·

316 3649 568 3715 medius
598 3649 1081 3737 quatuordecim
1114 3649 1377 3713 eboreas
1407 3648 1682 3712 lamellas
1713 3646 1894 3725 [ecce
1939 3645 2208 3711 totidem
2235 3668 2434 3735 agno-

318 3747 438 3823 scit
460 3756 827 3834 Ausonius]
854 3778 1127 3843 quarum
1146 3756 1365 3845 anguli
1389 3755 1545 3818 varii
1581 3769 1757 3837 sunt,
1787 3754 1852 3815 in
1885 3753 2192 3841 quadrata
2221 3752 2428 3815 forma

318 3864 595 3927 inclusas
640 3860 868 3945 habet,
914 3860 1454 3950 componentibus
1509 3859 1699 3925 nobis
1761 3860 1942 3923 aliter
1985 3850 2180 3947 atque
2225 3858 2428 3937 aliter,

318 3968 517 4033 modo
556 3968 831 4059 galeam,
882 3967 1079 4032 modo
1111 3968 1305 4033 sicam
1325 4015 1344 4049 ,
1388 3968 1537 4032 alias
1564 3967 1974 4046 columnam,
2015 3965 2166 4029 alias
2199 3984 2424 4026 navem

320 4074 585 4164 figurat,
614 4091 680 4138 et
726 4073 1224 4161 innumerabiles
1274 4072 1470 4139 efficit
1523 4073 1796 4161 species;
1835 4070 2210 4157 solebatque
2248 4069 2436 4133 nobis

520 4184 681 4255 Vn.
934 4218 946 4231 ·
1273 4282 1284 4285 -
2109 4174 2200 4261 34
