2964 4690
674 410 981 477 FALSO
1032 410 1436 479 ELEGllS
1489 410 2055 482 INSCRIPTo.
2111 410 2117 417 ’
2297 416 2426 502 145

300 536 569 603 Gallum
608 540 941 602 Etruscum
972 538 1505 627 proscribendum
1539 542 1824 628 putavit3
1863 542 1976 605 sed
2011 561 2260 609 certum
2293 564 2424 629 est,

296 668 509 734 quum
530 646 597 707 in
620 644 915 733 pluribus
942 646 1394 732 manuscriptis
1418 645 1634 727 libris,
1667 669 1834 734 quos
1866 649 2102 713 eruditi
2127 654 2427 717 nonnulli

296 774 373 815 se
394 748 737 815 adfirmant
761 749 1109 837 inspexisse
1124 798 1143 830 ,
1167 766 1309 813 tum
1333 749 1399 811 in
1419 752 1864 815 vetustissimis
1883 768 1948 815 et
1967 753 2194 839 primis
2219 778 2432 821 exem-

296 856 584 947 plaribus
636 856 964 942 impressis
1004 856 1218 919 solum
1262 878 1503 918 nomen
1543 857 1948 919 Maximiani
1979 875 2270 946 prostare
2305 860 2426 951 (1).

300 961 571 1027 Accedit
615 962 961 1025 auctoritas
1000 958 1359 1023 cassiodori
1379 1009 1397 1041 ,
1436 961 1774 1049 epistolam
1809 962 2199 1029 Theodorici
2234 968 2426 1055 Regis

297 1068 385 1133 ad
410 1068 871 1133 Maximianum
905 1066 1154 1148 datam,
1187 1066 1427 1129 Variar.
1456 1067 1570 1130 lib.
1608 1068 1670 1148 Ι,
1708 1091 1782 1130 21
1806 1116 1824 1147 ,
1857 1069 2246 1151 exhibentis,
2283 1089 2423 1138 tum

296 1174 575 1238 aliorum
598 1172 795 1237 medii
815 1174 931 1236 aevi
952 1172 1342 1259 scriptorum
1362 1220 1381 1253 ,
1402 1172 1516 1259 qui
1537 1172 2002 1237 Maximianum
2026 1175 2421 1266 adlegantes,

298 1279 443 1343 solo
474 1279 601 1343 hoc
633 1278 769 1358 ejus
806 1277 1071 1341 nomine
1106 1292 1407 1341 utuntur.
1446 1278 1532 1341 Et
1565 1279 1862 1361 fortasse,
1899 1280 2012 1366 qui
2047 1281 2425 1349 Cornelium

298 1384 762 1450 Maximianum
818 1382 1305 1447 inscribendum
1356 1400 1750 1447 censuerunt
1797 1382 2076 1450 editores
2099 1435 2118 1468 ‚
2171 1389 2424 1455 nullum

298 1491 583 1579 ineptius
624 1490 683 1553 ei
724 1511 965 1553 nomen
1004 1489 1291 1553 tribuere
1326 1505 1712 1576 potuerunt,
1751 1512 1946 1577 quam
1991 1493 2304 1577 Cornelii,
2343 1498 2428 1559 si-

298 1597 597 1687 quidem,
620 1612 698 1661 ut
718 1595 1087 1677 ReinesiuS,
1118 1594 1314 1683 Epist.
1346 1596 1623 1681 LXXIX
1649 1593 1728 1659 ad
1757 1598 2141 1680 Daumium‚
2171 1623 2235 1689 p.
2267 1601 2425 1684 203,

296 1702 661 1767 observavit
684 1750 701 1782 ,
746 1702 1118 1765 Maximiani
1164 1702 1233 1763 in
1283 1700 1603 1790 lapidibus
1653 1703 1960 1791 leguntur
1999 1706 2257 1791 gentilia
2303 1730 2425 1772 no-

298 1810 475 1875 mina
496 1809 735 1873 habere
759 1808 989 1888 Acilii,
1023 1809 1241 1887 Arrii,
1273 1807 1559 1888 Aurelii,
1593 1808 1851 1889 Bar-bii,
1891 1808 2174 1894 Carvilii,
2201 1815 2422 1893 Fabii,

298 1917 602 2003 Ingenui,
648 1914 947 1993 Publicii,
986 1935 1309 2002 nusquam
1345 1914 1644 1978 Cornelii.
1684 1914 2130 1981 Broukhusius
2159 1918 2424 2005 quidem

296 2023 655 2109 Longinum
702 2020 1181 2083 Maximianum
1230 2019 1568 2106 aliquoties
1619 2020 1686 2081 in
1735 2022 1907 2084 notis
1949 2020 2029 2085 ad
2080 2022 2314 2088 Tibull.
2363 2041 2429 2088 et

294 2126 709 2215 Propertium
734 2126 919 2207 citat3
949 2124 1064 2189 sed
1090 2121 1264 2187 unde
1289 2124 1417 2187 hoc
1442 2122 1743 2189 habuerit
1762 2174 1779 2206 ‚
1807 2142 1873 2189 et
1896 2148 2024 2213 qua
2047 2130 2426 2194 auctoritate

294 2231 568 2311 dixerit,
612 2252 827 2318 neque
867 2230 1005 2317 ipse
1048 2228 1385 2309 indicavit,
1433 2251 1646 2317 neque
1689 2252 1810 2318 ego
1847 2229 2096 2314 adhuc,
2139 2234 2428 2300 studiose

294 2340 447 2404 licet
474 2360 765 2427 quaerens
782 2385 801 2419 ,
821 2334 1122 2426 indagare
1151 2336 1337 2425 potui
1362 2336 1473 2424 (α).
1509 2335 1690 2401 Idem
1711 2338 1852 2401 Fon
1863 2338 2118 2403 taninus
2135 2387 2152 2422 ,
2178 2340 2421 2408 Histor.

296 2447 463 2510 liter.
491 2443 761 2532 Aquilei.
791 2442 899 2507 lib.
932 2443 1001 2522 Ι,
1026 2465 1163 2529 cap.
1194 2443 1323 2522 ΙΙΙ,
1355 2464 1419 2529 p.
1456 2440 1530 2505 51
1560 2491 1578 2523 ,
1615 2465 1684 2505 se
1715 2444 1962 2508 nescire
1991 2443 2266 2530 fatetur3
2299 2446 2427 2513 hoc

294 2573 508 2614 unum
525 2571 595 2614 se
616 2549 779 2614 scire
801 2549 889 2612 ait
906 2595 925 2628 ,
944 2547 1011 2610 in
1038 2545 1259 2611 codice
1284 2545 1708 2634 Neapolitano
1730 2549 2018 2613 Vallettae
2046 2553 2123 2615 A.
2149 2553 2230 2616 D.
2263 2557 2428 2632 1400

294 2671 556 2720 exarato
586 2656 661 2720 L.
689 2655 1164 2717 Maximianum
1193 2649 1348 2732 dici,
1380 2667 1533 2714 nota
1561 2651 1975 2737 praenominis
2001 2653 2212 2720 addita
2233 2706 2251 2739 ‚
2279 2680 2423 2745 quae

292 2761 596 2841 Lucium,
630 2781 765 2824 non
796 2757 1188 2845 Longinum,
1216 2753 1509 2845 designat
1539 2755 1654 2843 (3).
1695 2756 1762 2820 Si
1807 2759 1918 2844 qui
1955 2781 2110 2822 vero
2141 2762 2422 2825 Cornelii

371 2979 451 3048 (ι)
485 2975 693 3031 Theod.
723 2975 1047 3028 Pulmannus
1072 2975 1127 3027 in
1154 2971 1277 3026 edit.
1306 2972 1498 3026 Catulli
1529 2971 1649 3024 Tib.
1679 2971 1836 3043 Prop.
1863 2973 2229 3046 Antverpiensi
2261 2975 2392 3044 1569
2409 3017 2426 3040 ,

294 3079 349 3122 et
376 3066 689 3141 Gryphiana
716 3063 849 3134 1573
869 3099 885 3126 ,
917 3061 987 3114 ad
1008 3060 1329 3134 principium
1356 3059 1656 3130 Elegiarum
1681 3059 1894 3112 Maxim.
1916 3060 1974 3112 in
1997 3063 2233 3134 margine
2257 3063 2423 3117 adno-

292 3168 375 3210 tat
391 3193 408 3218 ,
439 3154 626 3208 veteris
656 3151 777 3205 libri
808 3149 1199 3222 inscriptionem
1232 3147 1429 3201 habere
1462 3149 1768 3200 Maximiani
1793 3151 1924 3200 liber.
1958 3149 2163 3204 Delrius
2193 3151 2248 3204 in
2277 3171 2421 3205 com-

294 3252 461 3296 ment.
484 3241 555 3295 ad
578 3241 783 3295 Seneca
805 3237 1018 3311 Hippol.
1038 3256 1095 3310 p.
1117 3235 1185 3306 93
1203 3275 1220 3302 ‚
1247 3247 1481 3302 testatur,
1509 3236 1563 3288 in
1595 3236 1760 3289 tribus
1787 3237 2061 3291 codicibus
2091 3239 2221 3294 MSS
2245 3247 2438 3295 aucto·'

290 3349 413 3386 rem
448 3327 827 3381 Maximianum
862 3325 1181 3396 inscriptum
1225 3341 1280 3376 se
1328 3323 1607 3394 reperisse3
1649 3337 1702 3378 et
1745 3324 2029 3378 Goldastus
2071 3325 2126 3378 in
2166 3331 2313 3399 praef.
2351 3329 2422 3384 ad

293 3417 457 3472 Ovid.
490 3418 636 3470 Erot.
671 3435 789 3488 pag.
826 3416 889 3469 13
908 3455 925 3482 ,
964 3414 1204 3485 quinque
1242 3411 1453 3466 codices
1491 3412 1690 3484 Msptos
1721 3414 1797 3466 sic
1834 3413 2030 3468 habere
2054 3432 2325 3472 memorat.
2359 3423 2420 3474 ln

294 3506 617 3560 bibliotheca
644 3503 926 3558 Heinsiana
944 3543 961 3569 ‚
990 3513 1128 3575 part.
1156 3502 1213 3555 11
1230 3542 1245 3568 ,
1272 3521 1324 3573 p.
1352 3521 1468 3568 ur,
1505 3501 1814 3556 Maximiani
1837 3515 2004 3575 poetoe
2027 3505 2266 3576 quaedam
2293 3527 2414 3560 cnm

292 3594 463 3648 Boetii
494 3593 867 3648 Consolatione
888 3594 1169 3664 conjuncta
1207 3601 1349 3644 tenet
1380 3589 1548 3644 codex
1582 3591 1676 3642 MS
1709 3592 1998 3646 membran.
2025 3593 2416 3668 Exemplasium

294 3685 673 3754 impressorum
700 3679 1065 3751 inscriptiones
1096 3679 1235 3731 infra
1268 3677 1609 3731 adducemus.

364 3773 445 3840 (a)
478 3769 871 3823 Broukhusium
897 3779 1149 3840 sequutus
1179 3769 1449 3836 Longinum
1487 3768 1844 3818 Maximianum
1871 3779 2022 3821 vocat
2041 3769 2388 3826 Marklandus
2404 3812 2421 3839 ,

293 3861 466 3934 Epist.
486 3858 613 3913 crit.
627 3858 695 3912 ad
715 3858 900 3912 Franc.
918 3863 1081 3919 Hare,
1111 3876 1166 3929 p.
1189 3857 1273 3918 34.

364 3947 443 4018 (3)
476 3946 705 4000 Jacobus
728 3949 906 4016 Magni
929 3947 1107 4018 aliquo
1134 3945 1252 3997 loco
1277 3943 1592 4016 Sophologii
1615 3942 1824 3996 videtur
1842 3948 2204 3998 Maximianum
2231 3953 2410 4002 Iulium

292 4037 473 4091 citare.
505 4037 637 4088 Nam
680 4033 772 4086 lib.
807 4034 863 4086 11
880 4075 896 4100 ‚
946 4053 1066 4105 cap.
1109 4053 1137 4085 a
1164 4072 1179 4097 ‚
1222 4036 1464 4100 quomodo
1511 4045 1690 4082 natura
1738 4035 1864 4099 cupit
1908 4037 2116 4084 virentes
2134 4073 2152 4097 ‚
2195 4037 2408 4091 scribit:

294 4151 321 4173 ι
340 4125 499 4178 Teste
522 4123 839 4176 Maximiano
863 4122 1007 4176 Julio
1028 4122 1195 4174 virtus
1218 4139 1349 4173 auro
1375 4119 1656 4194 pretiosior
1681 4133 1758 4173 est
1780 4137 1796 4172 :
1821 4139 1920 4174 nec
1941 4123 2188 4192 putrescit
2207 4165 2222 4189 ,
2245 4125 2336 4178 sed
2357 4129 2408 4180 in

498 4217 664 4284 VII.
2093 4235 2176 4281 ιο
