2964 4690
363 434 1006 458 mmmm
1375 433 2485 460 mmmmmmmmmmm

379 645 954 736 ADPENDIX
1015 659 1166 736 AD
1220 658 1707 739 LUDICRA
1766 641 2460 745 POEMATA(1).

958 1097 1441 1180 HOSIDII
1502 1101 1881 1180 GETAE

1083 1277 1805 1464 MEDEA‚

431 1577 830 1630 TRAGOEDIA
884 1583 970 1630 131
1021 1583 1458 1634 cssu'romnus
1506 1585 1949 1634 vmmmarsss
1998 1585 2385 1633 CONPLATA.

505 2009 1290 2093 PRAEMONITIO
1352 2015 1647 2093 NOVI
1714 2013 2301 2093 EDITORIS.

339 2257 528 2363 Hoc
579 2296 829 2363 artificii
881 2321 1086 2391 genus
1110 2350 1128 2383 ‚
1162 2302 1455 2366 Ausonio
1504 2299 1741 2366 deinde
1787 2300 2057 2367 feliciter
2113 2315 2429 2365 tentatum
2447 2349 2467 2382 ,

336 2406 601 2473 ludicris
648 2423 819 2471 certe
866 2407 1261 2489 carminibus
1296 2407 1799 2472 adscribendum
1845 2424 2018 2473 erat:
2062 2406 2317 2472 nullum
2349 2430 2469 2471 au-

337 2530 470 2577 tem
507 2514 738 2577 clarius
773 2514 1140 2602 exemplum
1183 2514 1415 2603 eligere
1456 2528 1831 2602 poteramus
1854 2560 1873 2595 ,
1922 2537 2118 2602 quam
2152 2514 2465 2603 integram

333 2619 520 2683 istam
545 2618 1134 2709 tragoediam,cujus
1159 2620 1452 2707 plurimis
1477 2619 1859 2684 testimoniis
1880 2617 2315 2684 demonstrata
2336 2620 2468 2683 visa

331 2742 433 2789 est
483 2726 856 2813 antiquitas.
911 2726 1227 2790 Produxit
1271 2726 1439 2791 hanc
1485 2726 1769 2815 primum
1823 2724 2029 2789 codex
2084 2724 2348 2789 Salmas.
2402 2741 2468 2789 et

330 2829 662 2895 Leidensis
704 2832 1046 2913 recentior,
1079 2832 1452 2896 Salmasiani
1490 2832 1639 2895 libri
1681 2830 2111 2921 apographus.
2146 2831 2301 2911 Ejus
2337 2832 2465 2893 ini·

329 2935 534 3018 tium,
577 2959 786 3024 usque
834 2935 918 2999 ad
961 2959 1220 3001 versum
1263 2938 1422 3018 134,
1465 2934 1669 3001 edidit
1710 2938 2065 3001 Scriverius
2112 2936 2236 3001 sub
2274 2936 2465 2999 titulo

331 3042 702 3129 Tragoediae
733 3045 960 3107 veteris
991 3044 1060 3105 in
1104 3044 1509 3109 collectaneis
1538 3060 1831 3109 veterum
1870 3042 2341 3133 tragoediarum.
2384 3043 2469 3106 Et

328 3144 500 3211 hanc
531 3146 790 3211 videtur
819 3148 1174 3236 respexisse
1204 3149 1573 3231 Salmasius,
1618 3174 1823 3239 quum
1858 3172 1929 3213 se
1969 3148 2299 3235 antiquam
2335 3164 2468 3211 tra·-

283 3260 290 3267 '
329 3251 604 3340 goediam
626 3300 644 3333 ‚
675 3252 966 3317 Medeam
987 3302 1008 3335 ‚
1045 3254 1284 3319 habere
1309 3258 1616 3338 jactaret3
1650 3256 1795 3321 vide
1822 3278 1973 3319 eum
2009 3253 2091 3317 ad
2122 3254 2463 3343 Capitolin.

327 3358 602 3421 Macrin.
627 3381 763 3447 cap.
799 3384 824 3423 1
843 3383 898 3441 1,
943 3377 1009 3424 et
1035 3362 1308 3425 Trebell.
1335 3363 1611 3427 Pollion.
1638 3361 1906 3427 Gallien.
1934 3384 2071 3449 cap.
2095 3362 2135 3425 8
2155 3409 2174 3444 ,
2221 3362 2335 3425 ubi
2372 3362 2461 3425 ita

325 3464 584 3535 laudat:
642 3496 667 3521 σι
695 3468 770 3531 In
811 3468 1117 3557 tragoedia
1149 3468 1378 3533 Medea
1398 3518 1417 3551 ,
1452 3493 1648 3557 quam
1683 3490 1881 3558 penes
1918 3492 2023 3533 me
2057 3468 2359 3557 scriptam
2393 3468 2461 3532 in

393 3674 472 3739 (1)
509 3672 590 3723 Eo
616 3670 862 3726 libentius
893 3672 1034 3727 hanc
1066 3672 1266 3726 Hosidii
1289 3672 1434 3726 Geta
1461 3671 1771 3744 tragoediam
1798 3672 1906 3725 huc
1929 3672 2275 3727 adferendam
2301 3673 2429 3726 duxi
2445 3712 2461 3738 ,

321 3757 469 3829 quod
492 3776 612 3810 eam
633 3758 928 3813 instituerat
940 3758 1347 3814 Wernsdorfius
1375 3760 1523 3833 operi
1545 3779 1670 3825 suo,
1694 3760 1791 3812 nisi
1811 3760 1921 3813 fato
1942 3772 2235 3833 praereptus
2262 3761 2462 3825 fuisset,

319 3845 570 3898 inserere.
627 3844 714 3899 sio
751 3848 894 3900 enim
948 3844 1018 3901 de
1064 3846 1166 3901 hac
1208 3850 1366 3901 verba
1409 3847 1537 3901 facit
1562 3848 1743 3920 (hujus
1793 3846 1918 3901 edit.
1961 3861 2092 3903 tom.
2125 3850 2214 3901 111
2234 3886 2251 3912 ,
2296 3866 2349 3919 p.
2372 3850 2459 3916 8):

323 3960 348 3977 κ
369 3929 578 3985 Hosidii
597 3932 744 3987 Geta
769 3934 1054 4005 tragodia,
1082 3954 1200 4007 quae
1232 3934 1450 4007 quidem
1481 3954 1545 3987 ex
1574 3936 1888 3989 centonibus
1907 3936 2211 4008 virgilianis
2244 3952 2462 4008 compo·

319 4020 420 4073 sita
448 4032 578 4085 est„
601 4060 615 4072 .
637 4058 650 4070 .
687 4023 809 4093 qnia
831 4035 884 4075 et
900 4023 1214 4095 antiquitate
1235 4023 1432 4077 eminet
1446 4060 1461 4087 ,
1494 4023 1690 4095 quippe
1716 4028 1825 4097 jam
1860 4044 1891 4077 a
1909 4024 2240 4079 Tertulliano
2258 4042 2459 4077 memo·

229 4106 244 4116 '
321 4122 468 4175 rata,
493 4110 734 4182 profecto
756 4113 926 4185 repeti
945 4112 1083 4167 inter
1103 4113 1292 4168 Poetas
1317 4112 1575 4179 minores,
1596 4113 1871 4186 magisque
1892 4113 2095 4185 vulgari
2116 4126 2347 4187 meretur
2366 4138 2391 4163 ιι
2404 4152 2419 4167 .
