2964 4690
577 423 668 496 86

1311 393 1975 497 COLUMELLA

671 552 763 618 At
803 550 918 642 qui
963 549 1088 616 sub
1129 546 1392 617 trichila
1433 563 1815 618 manantem
1852 550 2025 643 repit
2060 547 2147 622 ad
2185 545 2468 634 undam,

669 659 1166 751 Labentemque
1201 682 1478 752 sequens
1510 659 1719 727 nimio
1756 672 2069 728 tenuatur
2100 681 2362 744 amore,

2620 675 2696 726 ³9⁵

669 766 1040 854 CandiduS,
1076 765 1289 835 effetae
1323 767 1821 839 tremebundior
1848 769 2053 838 ubere
2086 793 2336 862 porcae,

668 875 941 948 Mollior
973 877 1193 945 infuso
1225 876 1502 947 calathis
1535 878 1734 947 modo
1768 878 1933 948 lacte
1970 878 2217 973 gelato,

669 984 904 1056 Dulcis
938 987 1096 1073 erit,
1122 986 1447 1080 riguoque
1484 987 1801 1058 madescit
1837 988 2056 1058 luteus
2091 1014 2286 1073 arvo,

669 1101 760 1168 Et
795 1095 966 1165 feret
995 1095 1314 1166 auxilium
1351 1097 1691 1193 quondam
1726 1097 2117 1168 mortalibus
2150 1099 2361 1194 aegriS.

765 1209 997 1296 Quum
1028 1207 1212 1276 canis
1242 1208 1565 1303 Erigones
1600 1207 1889 1304 flagrans
1925 1209 2323 1304 Hyperionis
2359 1220 2523 1278 aestu
2622 1230 2702 1275 ⁴00

670 1318 1004 1387 Arboreos
1039 1318 1256 1412 aperit
1288 1317 1494 1405 fetus,
1528 1318 1997 1412 cumulataque
2036 1320 2241 1388 moris

669 1427 973 1524 Candida
1009 1429 1377 1523 sanguineo
1416 1444 1644 1498 manat
1680 1427 1922 1498 fiscella
1960 1455 2221 1516 cruore,

651 1595 770 1661 394.
800 1596 1039 1644 Trio-leam
1059 1611 1109 1644 a.
1139 1592 1192 1646 P.
1221 1593 1302 1646 Sa.
1333 1625 1400 1634 —
1427 1601 1493 1644 Ae
1517 1598 1603 1661 qui

575 1678 664 1728 sub
681 1675 890 1724 nichila.
917 1672 995 1723 De
1015 1675 1207 1722 :richila
1233 1670 1341 1724 vid.
1363 1689 1482 1742 quae
1506 1689 1600 1722 no-

573 1765 754 1806 tantur
769 1750 838 1804 ad
866 1750 1061 1803 Incerti
1092 1750 1296 1822 Copam
1319 1788 1334 1814 ,
1363 1769 1412 1803 v.
1444 1753 1474 1803 8
1495 1787 1511 1812 ,
1549 1761 1601 1801 et

573 1849 736 1903 supra
762 1849 814 1882 v.
839 1829 961 1900 378.
990 1827 1093 1880 En.
1117 1859 1186 1868 -
1206 1835 1491 1879 Mananoem
1518 1849 1599 1880 re-

567 1913 646 1980 pit
685 1911 761 1960 od
795 1912 997 1958 undam.
1039 1905 1158 1958 Jam
1194 1924 1366 1959 sermo
1412 1918 1489 1959 est
1530 1905 1601 1959 de

573 1987 838 2063 pendente
867 1985 1075 2040 trichila
1115 2005 1415 2040 cucumere.
1443 1985 1599 2038 Hunc

577 2069 726 2134 dicit,
751 2068 796 2120 si
823 2083 962 2138 aqua
987 2065 1158 2120 vicina
1179 2064 1466 2136 contingat,
1481 2083 1598 2116 eam

577 2150 715 2202 inire
741 2165 920 2200 amare
941 2157 992 2197 et
1018 2146 1172 2216 sequi
1196 2183 1212 2208 ,
1249 2162 1415 2216 eaque
1440 2164 1499 2197 re
1526 2155 1601 2197 te-

579 2227 759 2289 nuari,
788 2223 1075 2278 candidum
1093 2263 1109 2288 ,
1130 2224 1342 2276 mollem
1367 2222 1601 2276 dulcem-

577 2325 684 2380 que
699 2305 832 2359 fleri.
850 2304 925 2355 Ut
943 2323 1002 2357 ea
1022 2303 1209 2356 melius
1229 2302 1602 2379 intelligantur,

579 2382 876 2438 audiendus
903 2394 980 2435 est
1007 2381 1208 2435 Plinius
1230 2382 1330 2436 loc.
1353 2382 1442 2434 cit.
1466 2382 1604 2436 «Na-

579 2478 700 2517 tura
722 2463 899 2516 oleum
920 2460 1080 2519 odere
1101 2461 1262 2517 mire:
1307 2480 1405 2515 nec
1427 2462 1601 2516 minus

579 2563 745 2617 aquas
775 2542 1015 2616 diligunt.
1039 2542 1245 2595 Desecti
1275 2562 1493 2614 quoque
1532 2542 1599 2595 ad

581 2642 668 2678 eas
695 2622 904 2677 modice
922 2623 1170 2675 distantes
1193 2620 1481 2693 adrepunt:
1509 2636 1601 2675 aut

581 2705 628 2759 si
667 2701 796 2775 quid
839 2704 1010 2755 obstet
1033 2738 1049 2765 ,
1086 2700 1220 2753 versi
1263 2700 1567 2770 panduntur
1584 2740 1599 2765 ,

584 2795 981 2855 curvanturque
1003 2800 1018 2833 ε
1061 2780 1119 2833 id
1164 2781 1248 2833 vel
1289 2799 1392 2834 una
1447 2794 1602 2835 nocte

583 2861 1028 2935 deprehenditur,
1074 2860 1120 2913 si
1162 2877 1255 2913 vas
1293 2879 1417 2913 cum
1463 2879 1604 2933 aqua

579 2942 890 3014 subjiciatur
913 2960 942 2993 a
966 2952 1194 3013 quatuor
1217 2937 1503 3011 digitorum
1524 2940 1604 2991 iu-

577 3022 818 3085 ter-vallo,
836 3018 1271 3073 descendentibus
1293 3031 1413 3072 ante
1437 3030 1606 3090 poste-

579 3117 702 3151 rum
719 3097 860 3151 diem
876 3115 893 3160 3
915 3108 968 3150 at
985 3098 1030 3149 si
1049 3096 1224 3150 oleum
1239 3096 1426 3150 eodem
1443 3096 1604 3149 modo

583 3178 654 3230 sit
673 3217 688 3242 ,
729 3177 784 3228 in
848 3177 1034 3229 hamos
1097 3175 1329 3227 curvatis
1353 3202 1394 3228 ··.
1453 3174 1605 3228 Idem

583 3256 766 3329 paullo
791 3265 940 3327 post,
967 3273 1011 3307 s.
1037 3250 1132 3318 ¹24:
1163 3280 1186 3299 ιι
1207 3254 1509 3306 cucurbitas
1534 3256 1608 3304 ait

583 3332 900 3387 salubriores
945 3350 1056 3385 esse
1075 3372 1092 3397 ,
1150 3348 1267 3404 quo
1323 3331 1605 3404 pendendo

584 3428 800 3467 crevere
815 3436 863 3462 ··.

657 3490 778 3558 395.
804 3492 1016 3543 Nimium
1043 3491 1100 3543 P.
1129 3490 1219 3543 Sa.

656 3570 776 3637 396.
795 3570 1168 3620 Tremebundior
1186 3572 1343 3621 uben.
1357 3568 1446 3623 Sic
1467 3594 1491 3615 c
1506 3582 1607 3622 tre-

585 3644 852 3702 mebunda
876 3647 1100 3715 coagula
1131 3646 1283 3699 lactis
1299 3673 1324 3693 ι-
1350 3648 1603 3720 Calpurn.

585 3730 663 3792 V,
699 3726 788 3781 65.
830 3755 904 3766 —
935 3724 1133 3792 Effoetoe
1169 3724 1330 3779 Gesn.
1369 3744 1493 3779 curn
1530 3729 1600 3780 al.

586 3811 756 3881 eff'eeoe
779 3808 936 3859 Dem-

658 3888 780 3957 397.
795 3886 1016 3937 Mollior.
1041 3922 1052 3933 .
1074 3888 1242 3937 .modo
1267 3890 1400 3938 laete
1414 3892 1596 3955 gelato.

587 3967 817 4024 martial.
855 3965 993 4018 VIII
1009 4005 1024 4031 ‚
1069 3968 1134 4029 64
1164 4007 1181 4033 ,
1235 3968 1268 4021 8
1291 3985 1306 4019 :
1357 3994 1383 4015 ·-
1403 3967 1600 4021 Vincas

586 4048 805 4103 mollitie
827 4056 1082 4103 tremente
1097 4046 1326 4119 plumas,
1346 4047 1450 4100 Aut
1469 4066 1600 4101 mas·

585 4148 700 4182 sam
735 4126 894 4180 modo
929 4124 1077 4181 lactis
1117 4124 1327 4197 adligati
1349 4150 1387 4181 ·-

1759 1596 1881 1660 398.
1914 1597 2155 1647 Madesce‘t
2194 1599 2375 1655 luteus,
2419 1591 2705 1656 madidus,

1686 1673 1855 1726 mollis
1881 1685 1933 1726 et
1966 1674 2298 1727 succulentus
2324 1673 2384 1725 fit
2406 1673 2506 1726 sub
2534 1685 2703 1725 matu-

1682 1751 1890 1804 ritatem
1906 1793 1922 1819 ,
1942 1770 2106 1824 quam
2134 1753 2305 1805 luteus
2324 1752 2404 1804 vel
2420 1750 2705 1812 flavescens

1682 1831 1831 1884 color
1850 1831 2059 1885 indicat.

1755 1911 1878 1979 399.
1906 1917 2017 1962 Fert
2038 1910 2108 1963 Η.
2128 1912 2189 1963 Α.
2212 1911 2306 1964 Gr.
2331 1911 2397 1963 G.

1756 1997 1874 2053 400.
1898 1993 2138 2060 Origenes
2160 1991 2221 2042 Β.
2246 1991 2309 2042 lt.
2330 2021 2401 2030 —-
2434 1996 2594 2058 Quum
2616 2008 2707 2040 cer-

1684 2071 1763 2118 m's
1792 2071 2050 2136 Erigones.
2076 2069 2304 2140 Erigone
2320 2107 2336 2133 ,
2364 2067 2522 2122 Icarii
2548 2086 2581 2121 a
2610 2086 2707 2121 ru·-

1684 2147 1826 2199 sticis
1853 2146 2253 2200 Atheniensibus
2282 2148 2476 2215 occisi,
2498 2145 2630 2210 fllia,
2651 2158 2708 2200 et

1685 2225 1831 2277 canis
1859 2227 1972 2296 ejus
1991 2265 2007 2291 ,
2036 2225 2195 2278 Maera
2228 2227 2471 2292 nomine,
2502 2243 2620 2298 quae
2652 2226 2707 2280 ei

1687 2304 1851 2375 patris
1902 2304 2063 2357 occisi
2096 2323 2288 2377 corpus
2332 2305 2559 2360 ostendit
2578 2343 2593 2369 ,
2642 2325 2710 2360 ex

1686 2384 1849 2454 petito
1888 2382 2079 2436 Bacchi
2118 2385 2255 2436 inter
2290 2381 2462 2437 sidera
2502 2385 2706 2439 relata.

1684 2466 1898 2531 Erigone
1907 2462 2077 2533 Virgo
2096 2462 2311 2515 caelestis
2330 2460 2524 2515 dicitur
2538 2464 2708 2537 (Vis-g.

1684 2540 1879 2613 Georg.
1908 2542 1957 2604 Ι,
1986 2543 2106 2611 33),
2128 2544 2268 2593 canis
2289 2540 2473 2595 Sirius.

1759 2627 1880 2684 401.
1912 2626 2055 2672 Fetus
2093 2621 2242 2674 Dem.
2268 2623 2428 2689 soems
2461 2621 2711 2693 vulgata.

1686 2732 1756 2741 —
1798 2704 2040 2752 Arboreos
2097 2704 2253 2768 aperie
2288 2702 2432 2769 secus
2454 2740 2473 2763 ‚
2532 2702 2711 2772 aperit

1687 2791 1897 2852 tempus
1941 2778 2283 2851 legendorum
2322 2799 2383 2834 ex
2424 2782 2711 2837 arboribus

1689 2860 1890 2912 fetuum
1907 2900 1924 2926 ,
1952 2859 2177 2931 primam
2216 2860 2568 2913 maturitatem
2606 2879 2713 2931 po-

1688 2938 1787 2991 mis
1807 2938 2009 2992 adfert:
2039 2950 2100 2991 ut
2129 2963 2151 2985 c
2166 2938 2335 3007 aperit
2353 2956 2548 2991 annum
2570 2938 2716 2993 Tau-

1688 3036 1811 3069 rus·
1830 3014 1972 3089 apud
1994 3017 2143 3087 Virg.
2164 3016 2362 3088 Georg.
2386 3018 2412 3068 1
2427 3055 2443 3080 ,
2473 3037 2591 3088 ²17·
2616 3019 2714 3074 Sic

1689 3095 1802 3150 dies
1824 3096 2145 3149 caniculares
2168 3108 2219 3149 et
2242 3097 2475 3150 aestivum
2498 3110 2715 3169 tempus

1690 3194 1721 3228 a
1740 3175 1908 3247 prima
1932 3173 2039 3226 ficu
2062 3175 2311 3229 describit
2334 3178 2517 3230 Horat.
2542 3176 2715 3248 Epist.

1688 3255 1717 3305 1
1734 3290 1749 3315 ,
1782 3272 1838 3324 7,
1859 3254 1906 3306 5.
1933 3253 2128 3307 Similis
2148 3254 2275 3307 huic
2304 3256 2533 3311 formula
2560 3256 2717 3327 apud

1689 3332 1941 3403 Calpurn.
1961 3331 2033 3396 V,
2072 3335 2170 3402 96:
2206 3358 2227 3381 ι
2243 3334 2411 3407 aperit
2431 3353 2595 3407 quum
2622 3336 2718 3389 vi-

1688 3430 1783 3463 nea
1804 3428 1957 3483 sepes
1972 3436 2017 3463 ··.
2065 3452 2075 3461 .

1761 3496 1878 3553 402.
1931 3494 2216 3559 Sanguineo
2278 3506 2452 3543 manae
2498 3496 2722 3564 fiscella

1688 3588 1876 3622 cruore.
1908 3569 1989 3623 Ne
2022 3570 2343 3642 pleonastice
2376 3569 2479 3625 hoe
2504 3572 2723 3629 dictum

1689 3658 1839 3717 putes
1886 3672 1909 3693 α
1935 3649 2223 3720 sanguineo
2265 3668 2515 3717 more»,
2556 3669 2727 3705 cruo-

1689 3746 1801 3780 rem
1828 3726 1911 3781 vel
1932 3729 2235 3801 sangninem
2258 3741 2405 3783 notes
2424 3728 2492 3783 de
2517 3732 2729 3803 quovis

1688 3824 1848 3859 succo
1870 3806 2153 3859 herbarum
2172 3848 2187 3873 ,
2224 3809 2501 3862 baccarum
2532 3821 2584 3863 et
2616 3828 2731 3881 po-

1686 3902 1895 3939 morum
1934 3887 2197 3959 usurpari.
2238 3887 2364 3941 Vid.
2399 3900 2507 3941 not.
2542 3902 2729 3944 nostr.

1689 3963 1757 4017 ad
1786 3965 1934 4037 Calp.
1960 3966 2037 4019 lx
2055 4005 2071 4032 ‚
2101 3966 2187 4019 50.
2224 3966 2331 4020 Sed
2356 3968 2519 4020 moris
2548 3986 2735 4023 cruor

1686 4044 1853 4098 veluti
1907 4044 2151 4117 proprius
2174 4083 2191 4111 ,
2242 4063 2471 4118 quorum
2520 4064 2735 4103 succus

1688 4124 1929 4196 sanguini
1972 4126 2149 4180 colore
2186 4125 2513 4194 simillimus,
2546 4139 2599 4181 et
2662 4129 2735 4187 iu
