2964 4690
573 387 654 458 16
1309 387 1945 456 PROOEMIUM

561 520 743 582 illum
789 516 1135 606 provinciae
1176 513 1606 603 Pasiphilum‚
1618 531 1989 604 antequam
2030 516 2185 580 huic
2227 519 2529 604 potestati
2571 519 2685 584 ad-

563 637 960 702 moveretur,
993 621 1160 684 fama
1193 620 1404 707 aliqua
1436 599 1803 686 studiorum
1838 635 1903 684 et
1936 620 2323 686 eruditionis
2354 621 2687 707 floruisse,

561 725 1115 817 quemadmodum
1145 725 1605 813 Symmachus,
1640 726 1843 814 Epist.
1870 727 1992 808 111,
2022 725 2132 802 50,
2164 726 2517 794 Palladium
2540 729 2689 793 rhe-

559 851 770 899 torem
823 847 1140 898 memorat
1181 830 1543 896 abductum
1594 853 1632 896 a
1670 832 2009 912 juventute
2063 833 2411 896 Romana
2392 857 2461 896 m
2506 856 2686 922 spem

560 940 830 1005 honoris
863 940 964 1004 vel
995 937 1192 1004 officii
1227 938 1416 1002 aulici
1445 939 1722 1003 accitum
1754 939 1835 1004 ab
1866 936 2261 1027 Imperatore
2294 961 2452 1004 esse.
2488 939 2685 1023 Quod

560 1047 614 1110 si
655 1044 998 1132 contigerit
1037 1043 1192 1106 huic
1232 1043 1593 1131 Pasiphilo,
1630 1059 1805 1110 certe
1844 1043 2053 1108 multo
2086 1059 2237 1108 ante
2274 1066 2519 1110 annum
2558 1044 2681 1132 395

561 1151 620 1216 ei
651 1149 968 1216 Palladius
999 1171 1194 1212 suum
1226 1147 1468 1213 librum
1511 1148 1815 1214 dicaverit
1854 1171 2114 1215 necesse
2162 1165 2287 1228 est,
2334 1172 2470 1238 quo
2510 1173 2685 1215 anno

559 1278 793 1344 nempe
829 1255 1065 1319 Rector
1099 1255 1446 1343 provinciae
1490 1253 1754 1344 adparet
1795 1257 1861 1320 in
1902 1255 2063 1344 lege.
2116 1253 2431 1322 Palladius
2468 1271 2683 1321 autem

563 1377 805 1441 noster,
831 1361 946 1448 qui
984 1360 1054 1423 V
1045 1365 1108 1424 ir
1138 1359 1394 1424 illustris
1420 1360 1489 1426 in
1518 1363 1735 1426 fronte
1759 1361 2077 1426 librorum
2102 1383 2373 1426 suorum
2397 1376 2682 1442 vocatur,

558 1483 752 1554 atque
786 1464 949 1530 adeo
982 1488 1272 1532 summos
1315 1465 1597 1530 honores
1634 1466 1926 1531 Praefecti
1956 1467 2181 1546 Urbis,
2214 1465 2539 1547 Praetorii,
2572 1481 2687 1529 aut

557 1572 850 1660 Magistri
903 1570 1282 1636 officiorum
1327 1572 1557 1660 gessit,
1611 1595 1747 1636 non
1792 1571 2050 1637 videtur
2100 1573 2221 1638 hos
2273 1571 2473 1636 libros
2516 1571 2687 1634 inter

459 1729 466 1736 .
559 1677 866 1764 strepitus
903 1692 970 1741 et
1001 1677 1460 1765 occupationes
1491 1677 1767 1741 istorum
1799 1679 2287 1765 magistratuum
2324 1676 2681 1763 scripsisse,

563 1782 679 1848 sed
713 1805 920 1870 quum
967 1805 1069 1865 se,
1114 1782 1423 1871 depositis
1475 1783 1590 1864 iis,
1630 1783 1765 1847 otio
1818 1799 1883 1847 et
1932 1781 2067 1848 ruri
2122 1797 2187 1844 et
2246 1781 2685 1868 agricolationi

559 1886 860 1953 dedisset.
909 1889 978 1952 Si
1019 1889 1219 1977 igitur
1259 1905 1492 1952 auctor
1530 1889 1845 1954 librorum
1890 1888 1973 1952 de
2020 1887 2117 1950 Re
2155 1886 2395 1950 rustica
2436 1907 2609 1948 unus
2646 1908 2683 1948 e

562 1994 898 2058 Praefectis,
911 1994 1013 2057 vel
1043 1993 1370 2082 Magistris
1402 1992 1786 2058 Officiorum
1815 1993 1979 2074 suit,
2010 1989 2395 2079 quaerendus
2426 1989 2479 2053 is
2513 2005 2685 2052 certe

558 2100 725 2163 inter
750 2101 1160 2188 magistratus
1185 2113 1281 2163 est
1296 2147 1316 2180 ‚
1341 2100 1454 2186 qui
1481 2097 1883 2186 temporibus
1902 2096 2357 2175 Valentiniani,
2373 2094 2683 2175 Valentia,

563 2205 883 2286 Gratiani,
927 2219 1042 2268 aut
1069 2203 1424 2268 Theodosii
1455 2205 1549 2268 M.
1583 2205 1868 2268 fuerunt.
1902 2205 1986 2267 Et
2020 2201 2337 2267 Palladius
2378 2199 2643 2288 quidam
2663 2249 2682 2282 ‚

561 2327 637 2374 ut
667 2307 1106 2375 Gothofredus
1135 2310 1204 2372 in
1231 2309 1788 2398 Prosopographia
1808 2307 2062 2373 Codicis
2083 2304 2337 2373 Theod.
2362 2305 2650 2370 ostendit
2666 2354 2685 2387 ‚

560 2415 864 2503 Magister
893 2412 1277 2478 Officiorum
1313 2414 1437 2477 snb
1462 2412 1835 2477 Theodosio
1870 2414 2035 2477 circa
2066 2434 2215 2477 ann.
2250 2412 2369 2477 381
2388 2460 2407 2494 ‚
2444 2411 2553 2476 lib.
2584 2413 2685 2493 X,

559 2521 700 2609 lege
747 2520 784 2585 3
830 2520 1002 2585 tituli
1047 2524 1130 2597 24
1169 2519 1328 2585 Cod.
1360 2520 1611 2584 Theod.
1648 2537 2061 2585 memoratur.
2100 2519 2225 2585 Sed
2270 2520 2379 2583 hic
2420 2520 2491 2583 in
2539 2518 2687 2582 aula

558 2626 1271 2712 Constantinopolitana
1303 2623 1491 2706 'vixit‚
1532 2646 1655 2688 nec
1684 2626 1927 2689 ltaliam
1961 2624 2261 2713 adtigisse
2290 2623 2579 2704 videtur,
2612 2624 2687 2686 iu

561 2754 692 2819 qua
742 2729 1064 2794 Palladius
1085 2778 1102 2811 ,
1165 2744 1394 2793 auctor
1451 2730 1573 2793 Rei
1631 2731 1913 2812 rusticas,
1961 2730 2136 2794 vixit.
2194 2730 2279 2793 Et
2325 2730 2469 2816 quis
2518 2728 2641 2791 scit
2664 2776 2685 2809 ,

561 2852 782 2900 utrum
809 2836 919 2900 hic
949 2851 1175 2899 auctor
1205 2834 1476 2898 omnino
1499 2835 1667 2898 inter
1695 2834 2011 2899 Palladios
2040 2834 2399 2923 antiquitus
2430 2855 2685 2897 memo-

559 2958 731 3005 ratos
749 2990 767 3022 ,
795 2964 876 3005 an
903 2942 1121 3029 potius
1148 2941 1318 3005 inter
1337 2940 1609 3021 Tauros,
1643 2940 1743 3004 vel
1766 2925 2183 3023 AEmilianos,
2221 2963 2363 3027 quae
2394 2936 2685 3018 ejusdem

559 3062 716 3110 sunt
740 3044 1026 3126 nomina,
1051 3043 1439 3133 quaerendus
1467 3045 1551 3108 sit
1567 3044 1595 3107 Ρ
1614 3042 2035 3109 AEmilianum
2066 3068 2289 3109 verum
2318 3042 2689 3131 proprium-

561 3172 689 3237 que
723 3148 1004 3213 auctoris
1051 3148 1256 3212 nostri
1293 3168 1535 3211 nomen
1574 3170 1745 3229 esse,
1788 3149 1939 3236 quia
1968 3148 2271 3211 ultimum
2290 3196 2309 3222 ‚
2352 3163 2547 3233 atque
2587 3148 2685 3211 sic

557 3274 710 3317 eum
742 3275 779 3315 a
810 3254 1198 3318 Cassiodoro
1225 3269 1290 3316 et
1316 3253 1569 3318 Isidoro
1604 3254 1845 3343 Hispal.
1878 3255 2127 3335 vocari,
2173 3253 2363 3318 docet
2399 3252 2689 3316 Sirmon-

562 3356 684 3421 dus
737 3356 804 3419 in
839 3359 1037 3423 notis
1096 3358 1178 3422 ad
1231 3358 1608 3441 Sidonium,
1644 3382 1790 3449 pag.
1824 3362 1887 3437 4.
1930 3362 2015 3423 Et
2043 3358 2460 3424 AEmilianum
2495 3354 2684 3420 Proef.

479 3524 484 3529 .
557 3462 742 3525 Praet.
779 3460 909 3525 sub
945 3462 1368 3528 Constantino
1405 3464 1495 3528 M.
1540 3464 1739 3527 alium
1772 3466 2157 3555 Magistrum
2194 3463 2576 3529 Officiornm
2614 3478 2688 3526 et

559 3566 740 3631 Praef.
775 3567 934 3629 Urbi
967 3569 1458 3657 Constantinop.
1491 3570 1557 3633 in
1593 3570 1844 3659 legibus
1875 3570 2216 3634 memorari
2247 3568 2472 3648 video,
2518 3584 2687 3653 quo-

559 3694 706 3735 rum
729 3688 943 3735 tamen
974 3673 1108 3769 sire
1135 3688 1283 3737 aetas
1307 3675 1437 3737 sive
1467 3676 1648 3739 loeus
1673 3696 1806 3738 non
1834 3676 1983 3739 satis
2012 3674 2357 3738 convenire
2384 3673 2686 3760 scriptori

557 3792 782 3841 nostro
821 3778 1094 3842 videtur.
1139 3780 1318 3843 Alius
1363 3780 1531 3845 forte
1562 3780 1871 3845 Nostrum
1910 3780 2032 3843 sub
2065 3780 2259 3843 Tauri
2304 3781 2567 3844 nomine
2607 3780 2677 3845 in

555 3883 936 3971 antiquitate
985 3883 1289 3973 adparere
1342 3900 1546 3974 putet.
1602 3884 1729 3949 Sed
1783 3906 1997 3972 neque
2046 3886 2298 3949 Taurus
2318 3934 2337 3967 ‚
2390 3887 2500 3972 qui
2550 3888 2681 3949 sub

557 3990 939 4054 Constantio
989 4008 1052 4055 et
1109 3990 1364 4055 Iuliano
1420 3990 1767 4055 Praesectus
1816 3990 1998 4055 Praet.
2052 4014 2169 4079 per
2222 3992 2463 4055 Italiam
2513 3988 2681 4071 fuit,

559 4116 768 4181 neque
823 4096 928 4159 ille
985 4093 1096 4184 qui
1149 4097 1272 4159 sub
1326 4096 1695 4161 Theodosio
1747 4096 1885 4175 jun.
1934 4120 2107 4161 anno
2156 4095 2282 4176 434
2327 4096 2680 4159 Praefectus
