2964 4690
1001 407 1131 473 DE
1180 409 1719 478 PALLAmo.
2340 429 2418 498 ¹7

299 540 482 603 Praet.
540 536 856 618 Orientis,
887 536 1018 624 apti
1067 558 1204 599 esse
1259 539 1426 602 aetati
1471 555 1537 602 et
1572 560 1862 626 personae
1913 538 2116 601 nostri
2165 537 2423 601 Palladii

297 643 618 708 videntur.
651 642 1150 728 Circumspectis
1181 642 1381 730 igitur
1409 644 1603 708 rebus
1638 643 1975 724 omnibus,
2010 665 2153 729 quae
2178 643 2259 707 ad
2286 644 2431 707 illu-

301 749 624 813 strandam
647 745 908 813 Palladii
939 747 1142 810 nostri
1164 749 1540 812 memoriam
1569 749 1860 814 adhiberi
1882 765 2191 836 possunt,
2230 751 2428 814 saten-

302 855 461 918 ‹lum
485 855 758 918 omnino
775 865 892 932 est,
912 851 1166 914 nullum
1187 853 1336 916 satis
1355 869 1605 917 certum
1626 853 1695 916 in
1716 854 2095 940 antiquitate
2118 853 2428 918 indicium

304 960 596 1049 reperiri,
611 981 742 1046 quo
760 973 910 1022 aetas
925 958 1062 1038 ejus
1083 973 1148 1021 et
1162 959 1304 1021 vitae
1323 959 1611 1024 conditio
1636 953 2011 1042 declaretur,
2040 984 2432 1048 quamquam

301 1064 632 1154 probabile
675 1080 805 1146 est,
833 1086 986 1127 eum
1026 1065 1430 1152 temporibus
1460 1065 1891 1130 Valentiniani
1930 1082 2043 1130 aut
2077 1067 2432 1133 Theodosii

302 1194 436 1236 sen.
464 1170 806 1258 scripsisse.
828 1171 1104 1232 Carmen
1118 1169 1256 1249 ejus
1273 1170 1354 1234 de
1372 1171 1793 1235 Insitionibus
1805 1171 1927 1235 hac
1942 1188 2123 1237 aetate
2142 1172 2438 1261 dignissi-

303 1299 484 1340 mum
504 1290 621 1356 est,
637 1272 816 1362 quod
837 1297 989 1338 sane
1001 1274 1318 1340 Palladius
1335 1298 1474 1339 non
1497 1281 1626 1340 tam
1644 1276 2007 1341 faventibus
2036 1293 2101 1340 et
2124 1279 2437 1342 hortanti-

305 1383 427 1446 bus
449 1380 674 1462 Musis,
689 1401 884 1467 quam
911 1379 1282 1444 Columellae
1306 1379 1602 1445 imitandi
1632 1381 1851 1446 studio
1878 1383 2231 1470 suscepisse
2257 1384 2437 1449 vide-

307 1504 441 1568 tur,
491 1503 568 1551 ut
627 1483 1178 1574 quemadmodum
1229 1487 1335 1550 ille
1383 1487 1595 1574 operis
1640 1488 1737 1550 sui
1789 1488 2013 1552 rustici
2060 1505 2307 1577 partem
2366 1491 2442 1554 de

312 1593 498 1658 Cultu
535 1592 892 1671 hortorum,
917 1591 1002 1654 ita
1033 1591 1171 1679 ipse
1211 1590 1295 1655 de
1338 1614 1533 1680 opera
1576 1593 1789 1680 aliqua
1820 1587 2146 1675 hortensi,
2179 1595 2257 1658 de
2290 1595 2441 1659 Insi-

307 1701 507 1778 tione,
528 1697 817 1763 versibus
845 1695 1296 1783 perscriberet:
1321 1698 1478 1762 Post
1508 1698 1769 1762 brevem
1807 1699 2247 1787 praefationem
2264 1749 2281 1783 ,
2310 1725 2437 1790 qua

309 1824 450 1871 tum
475 1804 780 1893 Pasiphili
811 1825 962 1892 erga
984 1825 1052 1868 se
1083 1804 1374 1869 studium
1401 1805 1727 1892 praedicat,
1749 1823 1892 1870 tum
1922 1809 2073 1872 artis
2104 1807 2436 1874 inserendi

311 1912 651 1978 utilitatem
688 1906 1136 1996 commendat,
1165 1909 1414 1974 diversa
1443 1911 1825 1976 insitionum
1856 1935 2090 2002 genera
2119 1915 2436 2002 perstrin-

311 2019 426 2107 git,
439 2033 507 2081 et
523 2016 851 2103 reliquum
874 2037 1134 2078 carmen
1159 2015 1226 2078 in
1251 2032 1563 2105 perpetua
1590 2018 2077 2083 enumeratione
2098 2020 2403 2083 arborum
2419 2067 2437 2100 ‚

310 2145 454 2210 quae
486 2121 714 2202 inseri,
747 2135 814 2184 et
847 2119 1086 2206 quibus
1123 2121 1389 2184 aliarum
1423 2121 1737 2202 surculis,
1770 2125 2047 2210 possint,
2084 2123 2431 2188 consumit.

311 2229 388 2290 ln
421 2250 546 2316 qua
573 2224 836 2314 quidem
867 2223 1083 2288 mirari
1113 2225 1262 2290 licet
1284 2227 1539 2315 copiam
1562 2244 1628 2291 et
1650 2229 2021 2292 varietatem
2047 2227 2403 2318 imaginum
2420 2279 2437 2310 ,

311 2358 440 2423 qua
478 2350 707 2400 auctor
751 2333 1016 2421 pingere
1061 2330 1383 2397 insitionis
1422 2356 1620 2421 opus,
1653 2352 1719 2397 et
1750 2357 1888 2397 rem
1921 2333 2213 2399 eamdem
2249 2335 2438 2400 toties

313 2456 747 2506 recurrentem
799 2438 985 2503 aliter
1034 2454 1228 2525 atque
1282 2438 1462 2505 aliter
1516 2432 1858 2504 enuntiare
1888 2441 2125 2523 valuit3
2162 2441 2439 2505 subinde

313 2564 524 2611 tamen
560 2544 909 2609 adfectasse
950 2560 1016 2639 et
1051 2544 1444 2633 constipasse
1482 2546 1891 2634 metaphoras
1915 2544 2191 2627 videtur,
2227 2570 2437 2634 eoque

313 2652 670 2717 orationem
693 2648 1048 2715 reddidisse
1073 2650 1437 2731 obscuram,
1457 2674 1602 2739 quae
1619 2668 1685 2715 et
1700 2652 1855 2716 alias
1867 2652 2077 2715 verbis
2097 2652 2405 2740 impedita
2421 2702 2438 2733 ‚

313 2775 380 2823 et
414 2757 743 2821 nonnullis
769 2754 983 2819 saeculi
1004 2754 1173 2843 vitiis
1201 2756 1535 2843 inquinata
1572 2774 1689 2820 est.
1722 2758 2043 2821 Caeterum
2080 2780 2314 2845 genera
2342 2760 2441 2821 in-

315 2862 657 2942 sitionum,
692 2881 832 2947 quae
889 2857 1207 2923 Palladius
1267 2876 1462 2947 atque
1520 2861 1626 2923 alii
1651 2859 1961 2924 Veterum
2020 2861 2326 2943 tradunt,
2354 2886 2433 2925 an

315 2970 672 3035 etiamnum
696 2964 890 3030 hodie
911 2966 1166 3054 cognita
1183 2984 1376 3055 atque
1407 2990 1535 3033 usu
1560 2968 1828 3056 probata
1852 2968 1980 3031 sint
2000 3016 2018 3049 ,
2047 2968 2128 3032 de
2153 2992 2232 3031 eo
2260 2992 2438 3033 nunc

315 3100 452 3143 non
479 3076 778 3164 disputo,
808 3094 928 3137 nec
954 3096 1242 3160 quaerere
1268 3076 1335 3137 in
1368 3073 1783 3139 adnotatione
1806 3098 1947 3138 mea
1974 3074 2057 3140 ad
2082 3074 2435 3140 Palladium

315 3182 570 3246 animus
601 3180 746 3243 fuit.
785 3177 1048 3241 Monuit
1095 3179 1385 3266 Heynius
1421 3180 1501 3245 V.
1528 3182 1599 3245 C.
1630 3180 1713 3245 ad
1740 3180 1916 3270 Virg.
1946 3180 2181 3271 Georg.
2209 3183 2301 3263 ΙΙ,
2331 3182 2437 3268 69,

313 3302 574 3351 nostros
620 3283 954 3359 homines,
989 3284 1106 3370 qui
1137 3284 1354 3348 bacin
1392 3308 1463 3349 re
1504 3285 1747 3373 aliquid
1800 3309 1867 3349 se
1905 3285 2123 3350 videre
2167 3302 2399 3374 putent
2424 3334 2443 3368 ,

315 3414 548 3481 negare
599 3390 818 3454 omnia
867 3386 1006 3451 fieri
1050 3410 1273 3475 posse,
1306 3391 1725 3453 Columellam
1770 3406 1982 3453 tamen
2016 3408 2248 3476 contra.
2270 3392 2438 3455 anti·

317 3522 482 3587 quos
497 3546 516 3579 ‚
536 3496 650 3585 qui
667 3496 841 3560 idem
862 3495 1158 3582 negarint
1172 3544 1190 3577 ,
1211 3494 1569 3583 disputare,
1598 3496 2047 3583 rationemque
2065 3496 2406 3561 ostendere
2420 3546 2435 3574 ,

319 3628 446 3692 qua
489 3602 691 3692 possit
731 3621 926 3664 omne
957 3622 1164 3688 genus
1195 3602 1436 3664 surculi
1473 3601 1652 3665 omni
1685 3601 1905 3688 generi
1940 3600 2187 3663 arboris
2220 3600 2435 3665 inseri.

324 3710 458 3792 Qui
487 3727 748 3773 carmen
781 3703 1046 3769 Palladii
1080 3726 1404 3789 seorsum,
1433 3722 1501 3769 et
1530 3727 1571 3767 a
1599 3705 1861 3792 reliquis
1890 3706 2025 3784 ejus
2058 3704 2235 3769 libris
2266 3728 2442 3794 sepa·

319 3830 532 3879 ratum
552 3811 873 3878 ediderint
891 3860 910 3892 ,
937 3826 1166 3900 praeter
1185 3811 1505 3875 Andream
1536 3810 1840 3873 Rivinum
1860 3858 1877 3890 ‚
1902 3810 2003 3888 cuj
2013 3833 2085 3874 us
2112 3810 2445 3875 Collectio-

323 3944 470 3987 nem
503 3946 700 4013 supra
734 3923 1084 3989 memoravi
1099 3970 1118 4004 ,
1143 3922 1479 3985 nominare
1503 3940 1767 4007 possum
1792 3916 1991 3981 Mich.
2016 3918 2410 3981 Maittarium
2425 3968 2441 3998 ,

327 4029 602 4117 Operum
631 4028 963 4117 ecftagm.
997 4042 1279 4095 veterum
1317 4026 1487 4089 Poet.
1516 4025 1724 4088 Latin.
1754 4022 1877 4085 vol.
1914 4023 1977 4084 ll
1998 4070 2015 4101 ,
2048 4046 2111 4110 p.
2156 4024 2314 4110 1267
2336 4073 2352 4105 ‚
2380 4042 2445 4087 et

323 4150 651 4199 auctorem
692 4136 1084 4201 Colles-tionis
1115 4134 1505 4197 Pisaurensis
1540 4131 1821 4193 omnium
1862 4150 2067 4215 poem.
2106 4140 2167 4191 et
2186 4127 2445 4216 fragm.

521 4244 686 4309 VII.
2114 4260 2152 4301 2
