2964 4690
545 352 677 451 176
1160 351 2018 428 0F1L11.SERG1AN1

617 481 747 548 Sed
785 503 930 569 quae
969 494 1268 567 praeterea
1309 501 1342 542 a
1377 478 1765 566 quibusdam
1810 481 2099 567 Operum
2134 477 2348 544 Ovidii
2380 479 2648 545 editori-

531 593 656 656 bus
671 638 692 672 ,
722 603 789 654 et
817 609 855 651 a
885 583 1198 652 Goldasto
1228 584 1400 649 inter
1416 585 1671 650 Erotioe
1706 601 1774 650 et
1803 586 2125 651 Amatoria
2160 587 2399 674 Opusc.
2436 587 2648 652 relatae

529 713 715 778 sunt,
745 694 960 783 Elegia
996 691 1078 757 de
1114 691 1332 757 Pulice
1353 740 1371 771 ‚
1407 707 1473 756 et
1512 693 1593 756 de
1626 692 2012 774 Philomela,
2048 715 2139 756 eoe
2178 693 2329 759 lieet
2367 715 2647 782 nugaces

529 822 597 872 et
621 803 863 870 nullius
885 799 1128 890 ingenii
1151 799 1282 864 sint
1299 847 1320 880 ,
1351 815 1565 864 tamen
1585 848 1603 881 ,
1628 815 1705 864 ut
1730 799 2083 888 antiquitus
2111 798 2337 864 tradita
2364 801 2649 864 carmina

526 935 648 1003 pro
681 925 906 974 nostro
937 907 1236 972 instituto
1279 904 1691 971 adservemus
1712 956 1729 984 ,
1774 928 1907 970 non
1950 907 2225 970 omnino
2264 906 2648 995 proetermit-

527 1016 736 1086 tendoe
761 1014 1083 1080 videntur.
1109 1011 1338 1099 Elegia
1357 1011 1436 1076 da
1459 1010 1685 1076 Pulice
1704 1010 1830 1076 sub
1852 1010 2070 1076 Ovidii
2090 1010 2387 1092 nomine,
2421 1031 2648 1097 quam-

524 1126 618 1190 vis
635 1121 872 1190 Ovidio
891 1119 1080 1209 plane
1108 1117 1372 1207 indigna
1393 1166 1412 1200 ,
1449 1140 1655 1205 quum
1681 1117 1749 1180 in
1783 1115 2175 1205 quibusdam
2207 1115 2477 1181 vetustis
2506 1115 2646 1181 col-

523 1228 908 1296 lectionibus
961 1223 1322 1290 oerminum
1377 1223 1611 1288 Ovidio
1662 1222 2073 1311 impudenter
2116 1223 2601 1312 suppositorum
2621 1270 2642 1304 ,

525 1355 664 1403 tum
700 1333 894 1400 etiam
934 1331 1002 1394 in
1039 1329 1372 1394 nonnullis
1406 1330 1695 1417 Operum
1728 1327 1944 1392 Ovidii
1978 1326 2371 1393 editionibus
2402 1326 2486 1392 ad
2520 1327 2649 1391 ml-

518 1465 658 1510 cem
694 1435 1054 1504 Heroidum
1085 1451 1151 1500 et
1179 1435 1645 1499 amatoriorum
1678 1433 1993 1498 librorum
2015 1483 2033 1516 ,
2066 1449 2143 1498 ut
2181 1435 2248 1498 in
2290 1432 2531 1521 Micylli
2576 1449 2647 1497 et

521 1541 894 1614 Bersmanni
941 1539 1445 1628 exemplaribus,
1496 1539 1729 1626 saepius
1779 1537 1951 1602 edita
1994 1553 2112 1602 est.
2158 1539 2382 1602 Exstat
2418 1537 2489 1600 in
2534 1537 2645 1601 Bi-

521 1651 845 1718 bliotheca
881 1645 1108 1710 Ducali
1144 1643 1645 1732 Guelferbytana
1682 1643 1889 1708 codex
1924 1660 2215 1709 recenter
2243 1643 2503 1707 inventa
2542 1658 2647 1730 ty-

523 1754 907 1849 pographia,
939 1750 1054 1816 sed
1080 1751 1220 1814 sine
1249 1750 1376 1814 loci
1402 1765 1469 1813 et
1498 1750 1652 1818 anni
1684 1765 1839 1815 nota
1857 1797 1877 1830 ,
1912 1749 2294 1837 impressus,
2326 1750 2439 1836 qui
2470 1770 2648 1838 egre-

525 1865 664 1954 gios
727 1862 924 1925 hosce
975 1855 1174 1920 libros
1239 1857 1307 1918 in
1355 1855 1545 1921 titulo
1594 1855 1931 1920 venditat:
1978 1884 2005 1910 ι
2040 1853 2311 1920 Ovidius
2362 1853 2645 1950 Nasonis

526 1967 701 2060 (sic)
727 1961 1170 2032 Sulmonensis
1193 1977 1383 2050 poeta
1411 1960 1493 2025 de
1520 1961 1727 2025 tribus
1754 1961 2020 2049 puellis:
2055 1959 2323 2024 Ovidius
2362 1957 2644 2024 Nasonis

525 2078 607 2142 de
643 2073 850 2164 sagaci
889 2069 1133 2134 nuncio
1170 2091 1187 2132 ε
1236 2067 1507 2132 Ovidius
1550 2067 1827 2132 Nasonis
1880 2067 1962 2132 de
1997 2067 2229 2156 pulice.
2266 2067 2644 2156 Pamphilus

520 2197 714 2272 poeta
756 2179 840 2243 de
887 2197 1106 2240 amore
1142 2197 1158 2238 :
1201 2174 1491 2263 Epistola
1537 2175 1839 2238 amatoria
1892 2174 2153 2240 metrice
2198 2173 2561 2261 conscripta
2589 2201 2639 2237 ι.

520 2285 842 2353 Eumdem
871 2280 1160 2349 codicem
1193 2301 1262 2344 se
1294 2278 1593 2345 habuisse
1628 2279 1825 2344 refert
1862 2280 1917 2344 J.
1963 2282 2037 2343 A.
2074 2278 2439 2360 Fabricius,
2477 2277 2643 2343 Bibl.

521 2396 656 2459 Lat.
690 2391 802 2455 lib.
829 2391 896 2470 1,
923 2410 1062 2475 cap.
1103 2384 1203 2467 15,
1240 2408 1385 2475 pag.
1417 2385 1569 2469 468,
1596 2384 1748 2451 edit.
1782 2386 1937 2449 Ern.
1968 2385 2247 2451 Diversoe
2273 2383 2641 2449 collectioni

523 2520 781 2567 carmen
816 2494 948 2559 hoc
975 2492 1300 2557 ludicrum
1329 2492 1604 2557 inseruit
1642 2494 1829 2580 Casp.
1862 2491 2224 2556 Domavius
2257 2492 2325 2555 in
2359 2489 2641 2579 Amphi·

521 2606 774 2674 theatro
817 2599 1142 2689 sapientiae
1182 2599 1518 2663 Socraticae
1554 2598 1939 2679 joco-seriae
1959 2646 1977 2679 ,
2024 2601 2182 2664 toin.
2228 2599 2260 2663 Ι
2280 2646 2299 2675 ,
2342 2618 2484 2687 pag.
2531 2618 2643 2682 27.

519 2714 762 2777 Verum
800 2727 1038 2771 nomen
1083 2705 1364 2769 auctoris
1381 2752 1400 2786 ,
1442 2702 1623 2792 quod
1668 2704 1737 2767 in
1780 2702 2085 2769 Ovidium
2120 2702 2453 2767 transierat
2470 2750 2489 2783 ,
2520 2701 2639 2766 de-

521 2818 677 2885 texit
706 2812 1050 2881 Goldastus
1066 2858 1085 2893 ‚
1112 2826 1186 2874 et
1225 2808 1485 2897 Ofilium
1528 2808 1903 2895 Sergianum
1939 2808 2327 2897 proscripsit.
2365 2807 2464 2871 De
2497 2830 2637 2895 quo

460 2905 475 2917 ’
519 2928 655 3014 ipse
687 2922 755 2987 in
794 2918 1042 2984 Praefat.
1075 2914 1160 2981 ad
1191 2916 1448 2981 Erotioe
1480 2914 1731 2997 Ovidii,
1768 2936 1911 3003 pag.
1946 2914 2029 2979 23
2055 2938 2072 2980 :
2100 2945 2127 2971 ι
2149 2912 2347 2997 Quod
2378 2914 2487 2977 hic
2513 2936 2638 2977 au·

517 3048 661 3097 ctor
696 3024 894 3091 modo
929 3022 1314 3101 renascitur,
1356 3018 1669 3085 beneficio
1701 3019 1895 3084 debet
1931 3036 2221 3085 veterum
2251 3018 2638 3084 schedarum

521 3128 938 3201 Illustrissimi
995 3126 1367 3192 Monasterii
1424 3124 1959 3215 campidonensis
2025 3128 2094 3190 in
2159 3126 2443 3215 Algovia.
2498 3124 2641 3208 Qui

525 3238 756 3307 ovidio
783 3233 1175 3314 tribuerunt,
1208 3232 1370 3296 scire
1403 3231 1574 3313 licet,
1601 3230 1905 3321 deceptos
1937 3233 2135 3297 fuisse
2158 3228 2483 3317 adfinitate
2507 3252 2639 3293 no·

525 3348 798 3413 minum.
833 3338 1058 3405 Facilis
1102 3336 1276 3402 enim
1309 3337 1623 3425 migratio·
1649 3336 1773 3401 fuit
1807 3354 1891 3401 τοῦ
1928 3334 2159 3423 Ofilius
2190 3339 2257 3401 in
2298 3334 2557 3402 Ovidius
2582 3368 2635 3401 n.

524 3452 939 3539 Quicumque
967 3461 1184 3510 autem
1227 3442 1454 3509 Ofilius
1497 3444 1603 3509 ille
1642 3444 1984 3533 sergianus
2014 3445 2209 3509 fuerit
2225 3491 2244 3526 ,
2280 3459 2453 3507 certe
2484 3442 2639 3506 lusu

525 3562 636 3625 illo
681 3554 762 3619 de
793 3552 1015 3617 Pulice
1044 3551 1182 3614 leve
1213 3566 1280 3613 et
1315 3549 1620 3613 lascivum
1667 3549 1877 3614 Ovidii
1912 3550 2241 3637 ingenium
2278 3548 2639 3636 exprimere

525 3662 726 3731 voluit
743 3706 764 3741 ,
795 3671 857 3721 et
891 3654 1208 3743 sigillatim
1235 3653 1517 3743 Elegiam
1546 3654 1685 3735 ejus
1710 3654 1832 3717 XV
1860 3654 2005 3718 libri
2034 3655 2097 3718 11
2123 3657 2469 3735 Amorum,
2502 3676 2639 3740 qua

527 3773 608 3838 de
647 3763 891 3832 annulo
911 3810 930 3843 ,
974 3782 1168 3847 quem
1208 3760 1424 3824 amicae
1469 3783 1599 3825 suae
1636 3758 1813 3825 dono
1850 3761 2107 3825 miserat
2128 3808 2146 3841 ‚
2188 3758 2385 3840 ludit,
2424 3760 2639 3823 mani-

527 3878 686 3942 feste
715 3870 998 3936 imitatus
1031 3881 1145 3930 est.
1178 3865 1340 3929 Nam
1370 3881 1446 3930 ut
1475 3866 1582 3929 hic
1608 3866 1885 3929 annulus
1904 3914 1923 3945 ,
1959 3888 2153 3930 suum
2188 3886 2459 3944 munus,
2494 3861 2639 3927 fieri

527 3995 747 4071 optat,
781 3973 874 4037 sic
907 3971 1008 4035 ille
1053 3970 1118 4032 in
1159 3970 1436 4057 pulicem
1475 3970 1747 4051 mutari,
1780 3984 1856 4033 ut
1898 3970 2211 4057 particeps
2250 3968 2383 4033 fieri
2420 3988 2641 4031 secre-

527 4106 744 4163 torum
799 4078 1024 4167 pueuae
1049 4124 1066 4158 ,
1124 4092 1191 4139 et
1242 4076 1307 4139 in
1364 4076 1577 4139 sinum
1629 4074 2105 4163 occultioraque
2154 4074 2289 4155 ejus
2342 4073 2643 4141 memhna
