2964 4690
516 307 674 440 ’486

1204 357 1624 426 HOSIDII
1685 358 1976 427 GETAE

630 493 1087 583 Funereasque
1129 489 1370 560 inferre
1412 490 1584 562 faces
1605 545 1625 578 ‚
1665 505 1732 560 et
1773 493 2040 587 cingere
2075 491 2342 566 flamma
2373 517 2389 562 ε

632 597 981 692 Quidquid
1020 600 1086 666 in
1124 613 1266 668 arte
1302 623 1448 668 mea
1482 625 1782 694 possum,
1816 601 2191 672 meminisse
2223 625 2484 672 necesse
2517 616 2652 686 est,

630 709 975 796 Quantum
1006 710 1189 802 ignes
1214 711 1580 804 animaeque
1607 710 1851 796 valent,
1877 713 2122 782 absiste
2153 711 2505 805 precando.
2527 735 2653 776 »κο

630 817 942 902 Dixerat,
978 817 1306 887 adtollens
1344 821 1692 890 stridentes
1728 821 2060 917 anguibus
2093 819 2264 906 alas,

634 926 963 996 Ardentes
1000 929 1157 996 dare
1190 929 1327 998 visa
1364 929 1534 999 faces
1558 985 1577 1014 ‚
1613 955 1851 1027 supera
1888 930 2096 1000 ardua
2133 929 2458 1024 linquens.

628 1033 753 1104 Illa
792 1035 979 1106 dolos
1020 1040 1232 1133 aperit
1265 1037 1680 1134 flammisque
1717 1041 2106 1135 sequacibus
2143 1041 2275 1110 iras

538 1236 635 1272 eum
661 1223 798 1290 ignes
826 1225 1099 1290 animaque
1126 1225 1323 1282 valent,
1374 1225 1553 1274 absiste

532 1305 808 1369 precando,
854 1317 918 1353 ex
952 1301 1045 1352 lib.
1066 1301 1185 1366 v1,
1213 1301 1342 1368 514,
1372 1314 1427 1354 et
1457 1302 1550 1354 lib.

540 1381 699 1442 VIII,
728 1381 847 1444 403.

612 1460 731 1512 361.
769 1461 1004 1525 Dae’xerat,
1029 1463 1273 1511 adtollens
1298 1461 1550 1512 stridentes

543 1542 781 1610 anguibus
818 1543 931 1590 alas
958 1560 977 1588 .·
1012 1539 1083 1592 ita
1123 1549 1201 1592 est
1243 1539 1299 1592 in
1340 1538 1550 1594 schedis

540 1619 755 1673 Salmas.
789 1623 996 1670 adtolles
1030 1619 1181 1672 Leid.
1224 1617 1315 1672 sed
1360 1623 1556 1672 adtollit

540 1697 681 1770 apud
706 1697 890 1770 Vix-gil.
934 1697 1027 1752 lib.
1058 1698 1199 1764 vlt,
1234 1699 1355 1751 561.
1382 1700 1554 1752 Versu

540 1777 779 1848 sequenti
801 1777 1033 1840 correxi,
1056 1781 1299 1830 Ardentes
1324 1780 1433 1828 visa
1458 1781 1554 1828 da·

544 1877 599 1910 re
608 1858 793 1926 faces,
824 1869 883 1908 ut
912 1868 991 1908 est
1025 1856 1081 1908 in
1110 1857 1227 1928 ipso
1252 1857 1405 1928 Virg.
1434 1861 1553 1910 AEn.

543 1937 617 2002 V,
642 1937 772 2005 637,
795 1947 904 1988 tum
934 1955 1109 2004 supera
1135 1941 1297 1988 ardua
1327 1940 1554 2004 linquens

544 2035 608 2069 ex
628 2015 718 2066 lib.
741 2015 869 2080 VII,
883 2013 981 2067 562
1002 2032 1156 2078 3nam
1180 2014 1317 2068 male
1335 2015 1390 2066 in
1409 2015 1535 2068 sche

548 2094 630 2150 dis
656 2093 785 2148 MSS
818 2093 1090 2164 legebatur
1129 2119 1155 2138 «ι
1174 2091 1419 2146 Ardentis
1446 2095 1556 2146 Dea

546 2173 653 2226 visa
681 2173 822 2226 faces
850 2189 1009 2241 super
1032 2169 1203 2224 ardua
1236 2171 1477 2244 linquens
1501 2189 1556 2236 »ς

548 2252 621 2305 ita
642 2252 783 2305 euim
802 2251 947 2323 'apud
966 2250 1249 2321 Virgilium
1275 2269 1287 2299 ε
1312 2277 1337 2296 α
1350 2251 1451 2302 Illa
1465 2269 1560 2304 au-

547 2342 653 2385 tem
705 2331 912 2385 adtollit
966 2330 1243 2385 stridentes
1298 2331 1559 2401 anguibus

548 2411 683 2477 alas,
706 2410 999 2483 Cocytique
1023 2410 1158 2481 petit
1182 2409 1356 2463 sedem
1377 2446 1393 2472 ,
1412 2428 1562 2483 supe-

546 2510 607 2543 ra
630 2490 794 2543 ardua
816 2489 1059 2560 linquens
1081 2514 1123 2539 ι.

620 2567 744 2621 363.
770 2572 866 2619 ma
884 2571 1023 2619 dolos
1048 2571 1225 2635 aperie,
1254 2578 1350 2621 etc.
1369 2566 1493 2620 Hac
1511 2579 1562 2621 et

548 2646 813 2720 sequentia
844 2647 1235 2719 comptissime
1268 2647 1327 2699 in
1351 2646 1560 2701 schedis

547 2725 1073 2787 circumferebantur,
1102 2744 1221 2797 qum
1246 2720 1395 2777 accui
1406 2724 1561 2778 atior-1

550 2806 805 2861 medicina
824 2805 1079 2877 indigent.
1112 2810 1209 2857 ma
1240 2809 1380 2857 dolos
1407 2806 1564 2872 aperit

546 2888 736 2959 legitur
760 2887 815 2938 in
836 2885 956 2941 cod.
980 2884 1132 2938 Leid.
1160 2889 1260 2937 111a
1282 2888 1455 2935 dolosa
1474 2903 1562 2951 pe-

550 2973 615 3019 rit
654 2967 711 3020 iu
749 2966 969 3019 Salmas.
1012 2969 1112 3016 Illa
1158 2968 1299 3015 dolos
1342 2960 1560 3034 quidem

546 3046 779 3107 occurrit
804 3048 927 3097 AEn.
968 3044 1065 3097 lib.
1092 3044 1193 3105 IV,
1234 3042 1333 3095 563
1361 3062 1374 3095 :
1418 3068 1441 3087 ι·
1460 3042 1556 3095 Illa

545 3126 695 3181 dolos
738 3123 1018 3195 dirumque
1060 3122 1205 3175 nefas
1252 3121 1306 3173 in
1348 3132 1558 3191 pectore

548 3215 719 3258 versat
746 3222 804 3265 »3
832 3202 924 3255 ubi
950 3206 1089 3254 dolos
1114 3203 1273 3269 aperit
1294 3218 1402 3251 non
1428 3200 1554 3271 jun·

546 3296 759 3356 guntur,
782 3300 953 3353 neque
982 3298 1205 3351 usquam
1240 3278 1293 3331 in
1310 3279 1562 3350 Virgilio,

549 3374 805 3434 quantum
841 3362 1017 3415 sciam.
1050 3358 1271 3429 Reliqua
1314 3357 1457 3411 hunc
1501 3358 1557 3410 in

547 3440 767 3495 modum
787 3439 1102 3493 exhibebant
1116 3435 1321 3490 schedae
1338 3454 1352 3488 :
1372 3462 1395 3480 α
1413 3434 1558 3489 flam-

544 3520 748 3588 misque
778 3517 1088 3589 sequacibus
1108 3516 1209 3568 ires
1226 3515 1258 3567 J
1262 3516 1484 3589 ungebat
1503 3526 1555 3567 et

544 3597 760 3653 dublice
786 3596 1004 3668 gemmis
1041 3612 1275 3664 auroque
1303 3612 1553 3647 coronam

544 3676 851 3731 consertam
914 3674 1200 3747 squammis
1253 3686 1554 3744 serpentum

545 3758 809 3827 flamaque
834 3757 1097 3809 volantem
1129 3756 1387 3827 [inplicat.
1419 3767 1516 3809 etc.
1535 3780 1559 3802 ι·

552 3841 605 3893 in
626 3838 818 3911 quibus
836 3836 1043 3889 nullum
1064 3854 1315 3906 agnoscas
1334 3854 1560 3889 sensum.

548 3917 857 3987 Cogitabam
879 3914 1039 3985 igitur
1064 3913 1175 3968 baec
1204 3915 1273 3967 ita
1300 3916 1562 3985 castigan-

548 3996 619 4049 da
644 4007 695 4048 et
728 3992 1092 4063 distinguenda
1128 4010 1239 4046 esse
1268 4014 1282 4047 ε
1308 4020 1329 4041 ι
1348 3994 1441 4047 Illa
1465 3993 1562 4047 do-

548 4074 624 4128 los
636 4075 783 4147 operi
796 4072 1119 4144 flammisque
1131 4074 1443 4143 sequacibus
1464 4073 1562 4127 iras

1637 1223 1672 1274 J
1674 1223 1928 1294 ungebat,
1953 1221 2218 1294 duplicem
2241 1220 2466 1292 gemmis
2492 1237 2654 1274 auro-

1636 1320 1741 1373 que
1775 1319 2026 1356 corouam
2051 1302 2365 1356 consertam
2399 1300 2656 1372 sqammis

1636 1392 1958 1452 serpentum:
1975 1381 2188 1434 flamma
2197 1381 2461 1434 volantem
2475 1377 2658 1449 Impli-

1637 1472 1737 1520 cat.
1755 1460 2086 1532 involvitque
2098 1459 2314 1512 domum
2327 1459 2551 1530 caligine
2563 1475 2660 1510 ce·

1639 1540 2067 1612 ca,Prospectum
2081 1539 2306 1612 eripiens
2321 1538 2507 1603 oculis,
2527 1536 2659 1590 mihi

1638 1618 1862 1690 frigidm
1885 1643 1930 1672 ιο.
1979 1619 2190 1690 Singula
2221 1617 2511 1672 videamus.
2531 1623 2658 1684 Ope·

1641 1699 1687 1749 η’
1705 1717 1806 1769 pro
1833 1703 1992 1766 aperit
2013 1699 2138 1752 dedi
2162 1717 2224 1752 ex
2245 1697 2498 1761 lib.V111‚
2521 1695 2624 1758 ⁴32
2641 1713 2658 1748 :

1643 1801 1666 1823 ι
1687 1777 2028 1849 sonitumque
2049 1789 2354 1849 metumque
2369 1775 2660 1830 Miooehm

1641 1857 1818 1927 operi,
1835 1857 2162 1930 flammisque
2174 1856 2486 1930 sequacibus
2497 1855 2661 1915 iras-3

1643 1935 1786 1991 unde
1813 1939 2058 1990 Miscebat
2073 1935 2165 1990 hic
2181 1954 2395 2008 quoque
2415 1932 2662 1988 substitui

1643 2027 1820 2086 posset
1834 2055 1848 2079 ,
1867 2017 1993 2086 quia
2001 2018 2248 2084 jungebat
2269 2013 2428 2068 semel
2454 2024 2660 2065 tantum

1645 2095 1790 2166 apud
1826 2093 2112 2165 Virgilium
2159 2092 2413 2158 occurrit,
2457 2089 2550 2144 sed
2601 2090 2660 2142 in

1645 2171 1822 2226 media
1839 2211 1856 2238 ‚
1886 2191 1996 2226 nou
2083 2173 2190 2226 ima
2211 2189 2397 2226 versus
2413 2169 2538 2224 sede
2553 2171 2662 2236 ,ut

1647 2251 1734 2304 hic
1755 2251 1886 2315 loci,
1914 2251 2002 2304 lib.
2077 2251 2183 2315 111,
2203 2251 2336 2315 4853
2361 2267 2485 2304 mox
2505 2249 2660 2302 casti-

1645 2330 1762 2401 gavi
1805 2329 2116 2402 «duplicem
2164 2330 2388 2402 gemmis
2425 2345 2662 2399 auroque

1647 2428 1894 2463 coronam
1917 2435 1940 2456 ι·
1973 2430 2036 2463 ex
2067 2411 2160 2463 lib.
2191 2412 2249 2477 1,
2276 2410 2405 2476 655,
2448 2428 2547 2481 per
2570 2407 2663 2463 ad·-

1647 2490 1981 2561 positionem.
2017 2488 2270 2561 Sequenti
2315 2508 2472 2543 versu
2519 2486 2662 2558 apud

1647 2568 1922 2623 Maronem
1941 2606 1958 2633 ‚
1990 2568 2086 2623 lib.
2117 2569 2253 2623 VIII
2271 2609 2287 2634 ,
2313 2568 2440 2633 436,
2471 2567 2664 2639 legitur

1648 2647 1940 2703 «Certatim
1966 2648 2251 2719 squammis
2285 2660 2660 2721 serpentum,
2643 2666 2659 2679 ·

1646 2725 1779 2779 illud
1822 2727 1962 2779 enim
2027 2730 2308 2779 consertam
2376 2746 2442 2780 ex
2483 2726 2664 2780 medio

1647 2805 1922 2859 vet-sulib.
1951 2807 2072 2859 AEu.
2099 2806 2200 2866 111,
2231 2807 2360 2877 467,
2393 2804 2568 2859 etlib.
2596 2806 2666 2869 V,

1655 2888 1777 2951 259,
1795 2897 1956 2956 poeta
1968 2876 2057 2939 liic
2077 2886 2370 2941 transtulit
2355 2904 2410 2941 tu
2429 2884 2660 2938 initium.

1646 2964 1750 3019 Sed
1769 2965 1972 3036 reliqua
1975 2969 2292 3037 flammaque
2311 2970 2564 3019 volantem
2581 2982 2664 3017 va-

1647 3044 1738 3095 riis
1765 3046 2084 3117 conjecturis
2120 3045 2254 3099 mihi
2291 3046 2472 3097 locum
2497 3042 2662 3095 dede-

1643 3125 2142 3179 runt.Teutaveram
2151 3142 2428 3178 «coronam
2440 3124 2666 3175 Censes·-

1644 3216 1750 3256 tain
1781 3205 2068 3274 squammis
2103 3214 2431 3275 serpentum,
2450 3202 2666 3274 alasque

1645 3282 1918 3335 volantum
1933 3282 2218 3354 Implicatn.
2235 3282 2528 3334 Itaiufrav.
2541 3282 2662 3344 432:

1647 3359 2666 3432 -paribusquerevinxitSerpentumspi-

1649 3440 1747 3502 ris,
1759 3451 2106 3510 ventosasque
2131 3438 2338 3493 addidit
2369 3438 2542 3491 alas·-
2577 3437 2664 3491 Sic

1647 3522 1770 3572 vita·
1801 3516 2062 3569 volantum
2099 3537 2202 3589 pro
2227 3518 2402 3573 avium
2429 3517 2522 3569 lib.
2545 3516 2662 3581 vl,

1644 3600 1769 3668 728,
1788 3609 1840 3649 et
1858 3597 1952 3650 lib.
1975 3596 2074 3664 xl,
2099 3615 2238 3669 7²²⁰
2272 3595 2666 3666 «Comequitm

1647 3677 1832 3749 pennis
1873 3675 2154 3730 sublimem
2197 3676 2252 3729 in
2293 3676 2434 3729 nube
2471 3676 2662 3727 volsu-

1647 3769 1753 3809 tem
1775 3776 1816 3821 »ς
1835 3768 1894 3809 ut
1921 3755 2130 3828 profert
2153 3754 2470 3810 Scholiasta
2487 3754 2664 3807 Hora-

1647 3836 1704 3889 tii
1723 3856 1818 3909 pro
1839 3840 2130 3897 eolmnbam5
2149 3836 2286 3889 etsie
2301 3835 2391 3887 lib.
2413 3836 2514 3899 vl,
2537 3832 2662 3901 239,

1649 3928 1700 3969 et
1739 3916 1882 3968 alibi.
1922 3916 2264 3987 Conieceram
2299 3930 2514 3983 quoque
2537 3930 2662 3965 cum

1649 3994 1955 4060 hiatu,a1a
2000 3999 2252 4047 volantem
2299 3994 2554 4061 liu-plicae,
2601 4002 2661 4042 ut

1649 4076 1834 4131 Alecto
1873 4074 2076 4129 Medea
2117 4076 2286 4129 oculis
2321 4090 2376 4127 se
2413 4072 2664 4144 etipuisse
