2964 4690
591 385 725 471 146
891 387 1024 454 DE
1074 385 1489 453 NOMINE
1540 383 2033 452 CORNELII
2082 383 2389 452 GALLI

583 515 749 579 Galli
799 529 864 578 et
914 510 1288 576 Maximiani
1339 511 1603 576 nomina
1646 511 1711 574 in
1766 511 2129 600 Elegiarum
2176 511 2701 600 inscriptionibus

580 619 924 700 conjuncta
949 615 1424 705 adprobat-unt,
1449 612 1515 678 id
1538 616 1805 678 fortasse
1831 637 1903 678 ea
1928 637 2149 680 caussa
2176 615 2470 680 fecerunt
2485 665 2505 698 ,
2530 616 2703 704 quod

585 729 676 792 sic
705 726 964 789 titulum
987 771 1004 803 ,
1040 742 1236 811 quem
1265 721 1666 808 Pomponius
1693 721 2007 786 Gauricus
2040 739 2360 810 corruptae
2384 723 2467 786 ab
2488 744 2558 786 se
2584 721 2707 787 edi·

585 833 748 897 tioni
768 831 1254 920 praeposuisset,
1275 850 1426 892 cum
1448 849 1560 908 e0,
1585 827 1699 915 qui
1724 827 1791 890 in
1815 828 2273 892 vetustioribus
2292 828 2706 910 inveniretur,

584 936 989 1016 Maximiani,
1013 933 1354 1000 commode
1379 933 1707 998 conciliari
1733 949 1801 998 et
1822 933 2179 998 combinari
2208 935 2704 1017 arbitrarentur3

589 1047 692 1108 vel
716 1041 896 1131 quod
923 1063 1140 1105 revera
1165 1057 1470 1129 putarent
1489 1088 1508 1121 ,
1540 1039 1889 1104 Gaui-icum
1920 1041 1989 1104 in
2014 1041 2182 1105 libro
2208 1063 2329 1106 suo
2368 1042 2711 1122 conjuncta

589 1149 874 1215 Cornelii
915 1147 1288 1212 Maximiani
1339 1146 1501 1211 Galli
1552 1146 1816 1210 nomina
1858 1146 2177 1212 invenisse
2196 1196 2215 1228 ‚
2260 1148 2471 1212 solum
2514 1147 2713 1212 Maxi-

593 1256 826 1336 miani,
859 1251 1104 1316 fraudis
1139 1250 1430 1340 tegendae
1461 1273 1713 1334 mussa,
1746 1253 2171 1341 suppressisse
2202 1253 2320 1342 (1).

681 1360 808 1426 Sed
859 1362 995 1448 ipse
1042 1356 1446 1446 Pomponius
1486 1357 1802 1422 Gaui-icus
1854 1357 1985 1446 (a),
2031 1360 2145 1447 qui
2184 1359 2301 1423 has
2346 1359 2715 1423 Maximiani

591 1467 840 1556 Elegias
888 1465 1012 1530 sub
1063 1464 1256 1529 titulo
1313 1462 1593 1527 Cornelii
1642 1461 1825 1527 Galli
1862 1464 2251 1551 Fragmenta
2296 1464 2579 1529 Venetiis
2614 1485 2713 1528 an.

598 1573 757 1638 1501
805 1571 1249 1636 fraudulenter
1283 1568 1525 1650 edidit,
1562 1569 1813 1634 nullum
1850 1571 2175 1660 mangonii
2208 1572 2309 1634 sui
2340 1586 2715 1660 praetextum

592 1680 672 1743 ab
709 1679 1089 1744 anctoritate
1134 1677 1402 1758 alicujus
1445 1676 1689 1741 codicis
1738 1678 2160 1765 manuscripti
2203 1677 2402 1767 petit,
2450 1676 2565 1742 sed
2604 1699 2721 1741 cur

591 1785 892 1850 Cornelio
945 1783 1132 1848 Gallo
1183 1782 1484 1848 tribuerit
1502 1832 1520 1864 ,
1574 1783 1727 1848 alias
1786 1783 1975 1872 plane
2022 1783 2304 1848 rationes
2348 1784 2419 1846 in
2468 1781 2721 1872 praefixa

591 1888 876 1955 Cornelii
926 1887 1090 1953 Galli
1136 1887 1264 1952 vita
1311 1886 1563 1952 adfert:
1602 1917 1628 1942 α
1662 1887 1817 1969 Ejus
1858 1887 2132 1976 scripta,
2176 1888 2429 1977 inquit,
2462 1887 2722 1978 penitus

591 1992 1061 2058 interciderunt
1079 2041 1098 2075 ,
1149 2009 1381 2080 proeter
1427 1991 1609 2057 hunc
1662 1992 1951 2058 libellum
1982 2041 2001 2074 ,
2062 2015 2259 2082 quem
2311 1995 2531 2082 paullo
2576 2009 2725 2057 ante

594 2115 870 2164 mortem
909 2099 978 2162 in
1016 2097 1303 2187 AEgypto
1340 2097 1513 2162 visus
1550 2113 1647 2164 est
1681 2099 2147 2187 perscripsisse.
2187 2099 2353 2164 Nam
2392 2121 2597 2187 quum
2636 2099 2727 2162 ibi

596 2327 833 2383 adversis
853 2327 1037 2381 crescit
1067 2325 1176 2398 ipsa
1203 2326 1422 2380 virtusn.
1459 2323 1567 2380 Sed
1594 2324 1665 2379 ita
1700 2326 1937 2399 legitur'
1922 2345 1979 2380 m
2018 2326 2372 2381 vetustissimo
2404 2327 2729 2398 exemplari,

596 2418 650 2469 in
675 2415 928 2469 Biblioth.
953 2415 1138 2471 Ducali
1165 2414 1439 2469 Guelferb.
1453 2428 1700 2482 servato,
1732 2416 1881 2489 quod
1910 2416 2091 2471 multis
2122 2416 2329 2471 mendis
2354 2428 2531 2471 scatet.
2571 2415 2735 2469 Unde

599 2516 648 2555 et
687 2505 776 2557 hic
810 2488 1064 2556 mendum
1097 2504 1259 2557 latere
1278 2504 1551 2575 suspicor,
1582 2515 1635 2557 et
1668 2524 1769 2577 pro
1796 2508 1899 2557 Iule·
1897 2526 1926 2556 ο
1958 2505 2238 2579 legendum
2268 2524 2383 2559 esse
2398 2506 2543 2574 salvo
2575 2506 2733 2555 virtus

596 2612 737 2653 aur-o,
767 2590 1040 2662 quomodo
1064 2604 1232 2646 exstat
1253 2594 1309 2645 in
1333 2612 1491 2646 versu
1516 2593 1819 2646 Maximiani
1834 2612 2024 2667 ,quem
2044 2594 2273 2648 Iacobus
2298 2593 2557 2666 respexit,
2582 2592 2733 2663 Eleg.

597 2680 1018 2749 1,19=·Quin
1043 2680 1198 2733 etiam
1221 2680 1387 2733 virtus
1418 2680 1566 2733 fulvo
1588 2682 1863 2752 pretiosior
1888 2701 2052 2749 auro,
2078 2695 2175 2736 etc.

667 2771 748 2837 (1)
779 2766 868 2822 Sic
899 2766 1066 2819 Aldus
1097 2766 1414 2826 Manutius
1397 2786 1453 2819 m
1479 2768 1881 2839 prefatiuncula
1913 2768 1979 2823 ad
2022 2706 2259 2842 Elegiain
2300 2730 2469 2821 Asinii
2500 2768 2740 2821 Cornelii

597 2857 740 2912 Galli
769 2855 1050 2919 adfirmat,
1091 2856 1285 2909 librum
1330 2874 1385 2909 se
1425 2856 1683 2929 scriptum
1718 2856 1948 2922 lubere,
1988 2858 2041 2909 in
2074 2876 2184 2928 quo
2218 2855 2413 2927 Elegia
2450 2857 2561 2909 isto
2598 2860 2745 2907 Gallu·

599 2947 904 3001 Maximiani
925 2943 1144 2997 nomine
1167 2943 1424 3013 legantur.
1445 2943 1549 2997 Sed
1575 2943 1667 2997 hic
1692 2942 1885 3007 codex,
1910 2944 1957 2997 si
1978 2962 2099 2997 vere
2120 2943 2265 3015 apud
2282 2944 2579 2998 manutium
2608 2942 2745 3007 ruit,

599 3036 845 3089 dubitare
871 3049 981 3083 non
1005 3048 1220 3102 possum
1237 3066 1253 3093 ,
1283 3030 1412 3101 quin
1435 3041 1719 3102 corruptus
1732 3070 1749 3097 ,
1780 3043 1835 3085 et
1862 3032 2085 3085 fortasse
2102 3028 2171 3084 ad
2194 3028 2413 3085 Gaui-ici
2432 3029 2747 3101 exemplum

601 3134 865 3175 correctus
904 3117 1076 3171 fuerit.
1111 3118 1248 3171 Nam
1289 3128 1368 3170 tot
1401 3117 1629 3171 aliorum
1658 3116 1901 3173 codicum
1917 3158 1933 3183 ,
1976 3136 2111 3191 quos
2141 3137 2175 3173 ιι
2212 3137 2271 3173 ιο
2292 3117 2430 3172 visos
2461 3116 2605 3171 docti
2638 3118 2749 3171 viri

603 3222 881 3274 testantur,
911 3220 963 3264 et
981 3224 1208 3282 quorum
1230 3207 1344 3278 ipse
1361 3208 1649 3262 nonnullos
1666 3208 1901 3281 inspexi,
1926 3210 2105 3264 nullu·
2126 3209 2345 3263 omnino
2358 3218 2599 3280 repertus
2622 3219 2707 3261 est
2730 3248 2749 3273 ‚

603 3300 694 3371 qui
723 3297 866 3353 Galli
891 3314 1084 3351 nomen
1111 3294 1398 3368 preferret.

674 3389 752 3455 (a)
777 3385 1098 3457 Pomponius
1119 3384 1383 3438 Gaui-iem
1401 3422 1418 3449 ,
1438 3384 1491 3436 N
1492 3402 1549 3437 en
1555 3384 1819 3456 politanus
1834 3426 1851 3453 ,
1882 3386 2067 3441 famosi
2090 3384 2390 3457 Astrologi,
2413 3386 2573 3439 Luca
2592 3384 2753 3438 Gau·

603 3476 728 3540 rici,
764 3475 948 3537 frater,
975 3492 1040 3526 eo
1065 3490 1237 3538 anno,
1267 3490 1376 3544 quo
1403 3470 1849 3527 Pseudo-Gallum
1868 3474 2106 3529 Venetiis
2131 3472 2333 3538 edidit,
2357 3489 2555 3525 annum
2572 3473 2757 3527 etatis

605 3580 708 3617 sue
735 3558 868 3613 xlx
893 3559 1029 3631 egit,
1063 3572 1220 3631 atque
1257 3577 1364 3612 una
1399 3576 1523 3613 cum
1564 3560 1924 3625 Rhamnusia,
1958 3562 2053 3634 qui
2090 3574 2203 3615 tum
2242 3560 2621 3633 epigrammate
2649 3560 2757 3613 ad—

607 3649 800 3723 phmit
820 3646 1080 3712 Gaui-ico,
1107 3657 1158 3697 et
1197 3645 1364 3699 tribus
1399 3646 1553 3700 annis
1588 3666 1653 3701 eo
1688 3648 1863 3701 minor
1902 3649 2033 3716 ruit,
2076 3648 2277 3703 Patavii
2306 3647 2492 3701 studiis
2518 3666 2757 3719 operam

607 3735 770 3791 dedit.
806 3734 934 3787 Ηεο
979 3732 1233 3786 curiosius
1273 3732 1547 3787 adnotavit
1572 3734 1899 3789 Fontaninus
1928 3736 1965 3789 Ι.
1993 3756 2039 3790 c.
2066 3755 2191 3809 pag.
2224 3736 2291 3800 54
2304 3776 2322 3803 ,
2350 3748 2413 3789 nt
2449 3736 2761 3809 juvenilem

607 3824 746 3877 hanc
787 3820 1034 3876 fraudem
1072 3831 1123 3873 et
1160 3819 1335 3874 lusum
1367 3819 1597 3875 duorum
1636 3820 2149 3877 adolescentulorum
2192 3824 2353 3878 fuisse
2386 3822 2729 3877 demoti-et
2748 3864 2767 3887 ,

609 3917 762 3987 cujus
793 3910 952 3963 etiam
977 3908 1268 3965 Gaui-ioum
1301 3920 1485 3981 postea
1519 3908 1820 3983 poenituisse
1859 3912 2143 3966 verisimile
2168 3913 2439 3967 existimat.
2464 3911 2565 3967 sed
2598 3911 2763 3965 idem

611 4000 970 4063 Fontaninus,
994 4016 1111 4070 pag.
1133 4005 1198 4062 4²
1218 4038 1234 4063 ,
1269 3997 1619 4071 Pomponium
1642 3998 1929 4053 Gaui-icum
1964 4014 2114 4056 vocat
2143 4006 2565 4070 Geopkonemem,
2594 4000 2767 4071 quod

603 4108 802 4145 nomen
835 4099 910 4141 est
938 4085 1124 4159 oppidi
1157 4104 1319 4157 prope
1343 4086 1623 4141 Salernum
1650 4086 1703 4141 in
1726 4088 1904 4145 Sicilia
1934 4090 2061 4143 citra
2096 4090 2345 4143 Pharum.
