2964 4690
569 405 698 502 178
1009 403 1565 476 JUVENTINI
1616 403 2237 472 PHILOMELA.

553 540 708 600 item
733 535 964 600 Petrus
995 515 1806 622 Galissardus'Araquaeus,
1830 547 1907 597 ut
1935 535 2183 599 notavit
2206 532 2283 598 G.
2308 534 2362 598 J.
2388 533 2659 600 Vossius
2676 584 2693 617 ,

551 644 761 708 Instit.
807 643 986 707 Orat.
1039 641 1147 706 lib.
1203 643 1334 724 ΙΙΙ,
1383 664 1525 731 pag.
1574 640 1722 707 333.
1776 642 1948 706 Tum
1997 640 2189 710 etiam
2234 640 2518 730 plurium
2556 641 2694 720 ejus

549 750 915 838 argumenti
947 764 1290 812 auctorum
1315 761 1741 812 monumenta
1769 747 2040 834 protulit
2066 761 2131 810 et
2158 746 2485 811 recensuit
2504 746 2689 836 Casp.

549 855 954 937 Dor-navius,
991 853 1327 942 Amphith.
1369 875 1505 943 sap.
1550 853 1802 918 Socrat.
1848 868 2006 917 tom.
2046 853 2116 934 1,
2165 875 2305 942 pag.
2356 873 2429 916 αι
2457 899 2477 934 ,
2511 874 2690 940 seqq.

549 963 630 1026 Et
663 962 728 1024 in
761 961 1064 1026 Biblioth.
1100 959 1614 1049 Luxtorphiana,
1643 975 1808 1047 part.
1847 959 1949 1040 11,
1996 981 2139 1048 pag.
2182 957 2301 1024 331
2332 1005 2351 1039 ‚
2386 958 2691 1048 leguntur

555 1065 891 1132 Tractatusss
919 1070 1098 1130 varii
1121 1067 1201 1132 de
1241 1065 1581 1130 pulicibus.
1616 1065 1868 1151 Utopioe
1902 1087 1952 1128 S.
1990 1087 2046 1129 a.
2086 1087 2144 1129 c.
2176 1062 2283 1154 fig.
2319 1063 2688 1152 Caleagnini

543 1176 914 1242 encomium
949 1174 1179 1262 pulicis
1231 1174 1424 1238 etiam
1468 1173 1537 1237 in
1591 1173 2119 1236 Dissertationum
2179 1171 2573 1236 ludicrarum
2628 1186 2693 1234 et

541 1284 1008 1372 Amoenitatum
1039 1279 1340 1370 Syllogen
1369 1296 1707 1368 receptum
1746 1294 1844 1343 est
1862 1325 1879 1359 ‚
1916 1279 1982 1341 in
2020 1301 2149 1367 qua
2176 1276 2291 1342 alia
2324 1277 2555 1341 similia
2580 1299 2691 1340 en·

541 1388 754 1452 nomia
795 1384 1137 1476 podagrae,
1181 1385 1504 1466 formicae,
1542 1383 1862 1472 pediculi,
1904 1383 2184 1465 anseris,
2220 1383 2419 1464 asini,
2448 1400 2611 1462 etc.,
2652 1405 2687 1444 a

541 1491 975 1556 celeberrimis
1020 1491 1174 1556 viris
1221 1491 1458 1578 scripta
1496 1488 1821 1577 leguntur.
1866 1487 2067 1570 Quod
2102 1509 2270 1576 opus
2306 1485 2513 1576 Lugd.
2548 1488 2685 1552 nat.

537 1613 644 1657 an.
691 1583 1124 1671 1644‚'in-12
1149 1639 1168 1672 ,
1205 1611 1521 1654 excusum
1570 1611 1780 1677 nuper
1824 1588 1985 1652 mihi
2027 1588 2095 1652 in
2144 1589 2551 1654 ornatissima
2581 1589 2687 1652 bi·

539 1697 859 1764 bliotheca
889 1697 956 1762 S.
989 1697 1066 1760 V.
1103 1677 1442 1786 ’Cau-pzovii
1474 1693 1695 1760 videre
1726 1694 1928 1760 licuit.

629 1803 843 1886 Quam
885 1802 1053 1868 duee
1095 1789 1408 1868 Goldasto
1443 1802 1625 1890 sequi
1655 1801 1967 1882 jussimus
1986 1848 2003 1883 ,
2052 1801 2277 1890 Ekgia
2310 1802 2375 1865 in
2409 1801 2691 1890 vulgari-

535 1909 662 1973 bus
697 1905 964 1996 quidem
1001 1907 1308 1995 exemplis
1342 1906 2061 1996 pseudepigraphorum
2099 1905 2315 1970 Ovidii
2346 1905 2425 1970 de
2466 1905 2687 1970 Philo-

535 2013 705 2078 mela
755 2012 1167 2091 inscribitur,
1219 2011 1330 2076 sed
1383 2033 1454 2074 re
1506 2012 1642 2099 ipsa
1698 2011 2173 2076 enarrationem
2226 2011 2569 2076 nominum
2618 2030 2692 2078 et

534 2118 887 2184 verborum
924 2117 1252 2197 eontinet,
1283 2115 1526 2204 quibus
1550 2114 1815 2180 diversae
1842 2116 2057 2180 avium
2087 2131 2154 2180 et
2181 2113 2687 2204 quadrupedum

533 2248 725 2290 voees
756 2225 826 2290 in
861 2225 1082 2314 lingua
1113 2222 1340 2288 Latina
1371 2223 1733 2311 signantur.
1766 2222 2006 2312 Incipit
2036 2223 2210 2288 enim
2237 2245 2273 2286 a
2310 2220 2498 2288 laude
2528 2222 2687 2287 Phi-

511 2332 818 2424 1ΙοιιιεεΙεῑιε,
851 2347 1048 2419 atque
1079 2329 1717 2417 illam-praestantiam
1750 2330 1926 2393 vocis
1956 2345 2022 2395 et
2052 2330 2422 2395 varietatem
2451 2345 2687 2394 cantus

533 2436 961 2526 multiplicem
990 2436 1291 2525 praedicat
1310 2480 1329 2517 ‚
1361 2458 1509 2525 quae
1540 2435 1715 2501 mille
1744 2458 1984 2501 vocum
2008 2434 2379 2506 discrimina
2405 2435 2649 2501 referre
2666 2484 2686 2516 ,

533 2560 631 2627 et,
669 2566 836 2633 quos
857 2544 996 2608 aliae
1027 2564 1174 2607 aves
1207 2564 1406 2608 sonos
1433 2542 1658 2625 edant,
1693 2565 1831 2607 uno
1859 2542 2058 2606 veluti
2090 2558 2415 2607 concentu
2440 2558 2505 2605 et
2532 2564 2685 2605 mo·-

533 2650 864 2717 dulamine
903 2649 1135 2715 efferre
1179 2650 1407 2714 valeat.
1453 2649 1768 2715 Praeterea
1812 2664 2080 2713 cantum
2114 2647 2252 2729 ejus
2286 2648 2685 2713 continuum

531 2774 600 2822 et
621 2780 756 2822 non
782 2756 1223 2820 intermissum
1246 2754 1468 2819 laudat
1484 2803 1502 2836 ‚
1536 2754 1718 2843 quod
1744 2754 1880 2819 aliae
1907 2776 2053 2819 aves
2079 2753 2365 2818 interdiu
2390 2766 2647 2817 tantum
2666 2804 2685 2835 ,

529 2861 880 2951 philomela
903 2878 1098 2927 nocte
1117 2859 1354 2949 dieque
1373 2876 1583 2925 canat.
1626 2861 1798 2924 Hine
1822 2857 2094 2925 aliarum
2118 2860 2463 2923 voluerum
2484 2880 2687 2925 voces

530 2991 828 3034 enarrare
853 2965 1246 3058 aggreditur.
1285 2967 1362 3031 ln
1396 2965 1882 3053 antiquioribus
1904 2966 2197 3054 Operum
2232 2963 2449 3029 Ovidii
2482 2962 2639 3030 edd.
2664 3011 2684 3047 ,

529 3091 607 3139 ut
627 3076 694 3140 in
712 3074 946 3140 Aldina
982 3090 1260 3161 utraque
1291 3096 1397 3137 an.
1427 3070 1589 3137 1502
1626 3089 1693 3137 et
1734 3070 1923 3154 1515,
1957 3072 2023 3135 in
2058 3072 2346 3137 Parisina
2373 3072 2683 3152 Colinaei,

528 3180 900 3269 Gryphiana
948 3166 1370 3269 Lugdunensi
1393 3229 1410 3263 ‚
1458 3195 1526 3243 et
1570 3180 1949 3244 Bersmanni
1983 3178 2297 3267 Lipsiensi
2318 3226 2337 3259 ,
2371 3177 2685 3265 aliisque,

527 3286 664 3348 haec
691 3286 908 3377 Elegia
939 3284 1112 3350 inter
1140 3283 1699 3375 pseudepigrapha
1733 3284 1950 3350 Ovidii
1982 3286 2176 3349 relata
2207 3300 2336 3367 est,
2374 3282 2615 3348 deinde
2644 3308 2681 3349 a

527 3388 619 3455 M.
639 3390 719 3457 Η.
737 3390 1047 3457 Goldasto
1066 3391 1241 3456 inter
1259 3391 1522 3455 Erotica
1546 3405 1613 3456 et
1633 3392 1961 3456 Amatoria
1984 3392 2301 3481 opuscula
2321 3437 2340 3472 ,
2368 3384 2681 3455 Franeof.

533 3496 702 3560 1610
719 3546 736 3578 ‚
758 3520 904 3587 pag.
927 3522 964 3585 7
980 3520 1005 3560 1
1028 3545 1048 3579 ,
1074 3514 1141 3562 et
1158 3520 1199 3562 a
1223 3499 1408 3585 Casp.
1437 3497 1769 3562 Dornavio
1798 3498 1867 3561 in
1891 3497 2227 3587 Amphith.
2254 3520 2392 3586 sap.
2422 3497 2681 3563 Socrat.

523 3616 682 3665 tom.
719 3603 788 3681 1,
821 3624 962 3690 pag.
1001 3602 1122 3688 391
1151 3649 1168 3682 ‚
1219 3623 1505 3691 quorum
1554 3604 1847 3691 exempla
1895 3626 2125 3691 parum
2170 3604 2343 3668 inter
2378 3625 2447 3668 se
2482 3600 2683 3667 diffe-

521 3723 699 3771 runt.
725 3706 852 3772 Sed
877 3706 1078 3773 Andr.
1106 3708 1449 3792 schottus,
1466 3709 1829 3775 Observatt.
1850 3708 2119 3776 human.
2142 3709 2252 3774 lib.
2274 3710 2361 3793 ΙΙ,
2391 3730 2533 3798 cap.
2562 3708 2679 3789 51,

522 3838 666 3905 pag.
717 3837 831 3878 101
861 3862 878 3895 ‚
917 3813 1194 3879 multum
1241 3814 1323 3880 ab
1368 3816 1507 3879 istis
1556 3814 1885 3881 diversum
1922 3818 2292 3906 exemplum
2329 3840 2365 3881 e
2400 3818 2679 3881 vetustis

523 3920 914 3985 membranis
959 3922 1268 4009 protulit,
1323 3921 1506 4010 quod
1560 3945 1693 3987 non
1747 3921 1949 3987 modo
2000 3924 2279 4013 plurima
2332 3922 2401 3987 in
2454 3922 2677 3987 verbis

519 4050 708 4093 voces
753 4026 1266 4115 exprimentibus
1304 4044 1513 4093 mutat
1536 4076 1553 4111 ,
1604 4028 1717 4093 sed
1766 4043 1832 4094 et
1880 4029 2069 4095 initio
2117 4028 2403 4118 integros
2441 4050 2677 4093 versus
