2964 4690
1465 121 1487 158 Χ

977 369 1111 436 DE
1162 367 1804 438 ΜΑΧΙΜΙΑΝΟ.
2328 371 2461 467 189

325 496 704 563 tustioribus
753 493 970 559 adhuc
1020 495 1408 583 quibusdam
1452 497 1925 584 exemplaribus
1974 514 2072 563 est
2103 497 2321 564 videre
2339 549 2357 582 ,
2397 502 2463 564 in

322 603 557 690 quibus
611 600 988 664 Maximiani
1037 601 1242 688 ipsius
1295 624 1539 665 nornen
1594 603 1853 690 legitur,
1903 603 2105 685 iuius,
2160 605 2427 693 inquam
2448 657 2465 686 ,

321 707 692 772 Maximiani
713 754 731 787 ,
771 705 956 786 cujus
991 722 1057 769 et
1089 705 1359 795 insignis
1393 707 1845 772 Grammaticae
1879 725 2160 797 nugator
2188 709 2466 776 Alexan·-

320 813 434 877 der
474 835 684 902 nugas
728 811 991 895 irridet,
1041 811 1222 900 quod
1259 835 1503 876 nomen
1549 814 1614 876 in
1654 813 1842 878 editis
1874 831 1937 878 et
1971 815 2221 879 excusis
2259 839 2468 904 nuper

321 919 548 984 libellis
583 941 702 1006 per
747 917 1044 982 fraudem
1092 934 1191 981 est
1233 920 1763 1006 praetermissum.
1802 921 2015 984 Unam
2054 944 2210 985 vero
2245 922 2346 986 vel
2376 925 2469 986 al-

321 1041 518 1090 teram
559 1024 763 1112 ipsius
802 1023 970 1088 Galli
1005 1045 1145 1088 esse
1181 1045 1316 1086 non
1349 1023 1713 1090 abnuerim.

317 1255 399 1319 X.
451 1253 781 1318 SEBAST.
829 1251 1148 1316 FOXIUS
1197 1251 1282 1316 de
1327 1253 1735 1334 Imitatione,
1790 1275 1908 1317 seu
1956 1253 2283 1318 formandi
2315 1255 2463 1344 styli

531 1359 784 1424 ratione
806 1405 826 1440 ,
857 1357 971 1422 lib.
1007 1357 1105 1438 11,
1141 1381 1206 1445 p.
1243 1361 1360 1439 42,
1394 1357 1460 1422 b.
1498 1357 1653 1422 edit.
1690 1359 2000 1448 Antverp.
2046 1357 2235 1437 1554.

399 1561 663 1644 Quibus
698 1559 1020 1648 (Ovidio,
1057 1558 1320 1624 Tibullo
1351 1575 1418 1622 et
1449 1557 1837 1646 Propertio)
1880 1583 2015 1623 non
2059 1577 2157 1624 est
2192 1563 2463 1626 inferior

313 1671 374 1732 in
423 1691 505 1732 eo
555 1689 793 1757 genere
841 1668 1040 1729 Corn.
1085 1663 1338 1746 Gallus,
1388 1663 1503 1726 sed
1554 1663 1815 1744 durior,
1868 1680 1933 1728 et
1978 1665 2337 1750 horridior,
2386 1683 2460 1730 ut

311 1774 512 1837 senile
545 1769 790 1860 aliquid
827 1771 894 1834 in
934 1771 1076 1858 ipso
1097 1817 1116 1851 ,
1151 1767 1334 1857 quod
1371 1767 1543 1832 idem
1574 1789 1841 1856 quoque
1870 1768 2199 1857 deplorat,
2226 1787 2291 1835 et
2318 1794 2461 1835 mo-

311 1903 534 1944 rosum
571 1876 788 1942 adhuc
816 1897 1146 1966 agnoscas.

309 2101 426 2164 XI.
479 2098 652 2163 JUL.
698 2096 902 2162 CAES.
937 2094 1392 2177 SCALIGER,
1449 2095 1559 2160 lib.
1585 2095 1675 2160 VI
1712 2095 1893 2159 Poet.
1941 2097 2055 2185 qui
2102 2114 2167 2161 et
2207 2099 2453 2189 Hyper-

978 2202 1120 2267 crit.
1161 2223 1302 2289 cap.
1336 2225 1412 2289 7,
1450 2223 1594 2290 pag.
1632 2199 1779 2266 852.

391 2388 744 2455 Cornelius
795 2386 1020 2452 Gallus
1067 2385 1317 2469 durior,
1367 2387 1838 2452 sententiarum
1876 2404 2091 2454 tamen
2126 2389 2345 2477 lepore
2377 2416 2453 2457 ac

307 2496 650 2563 festivitate
678 2491 970 2558 condivit
992 2491 1400 2579 asperitatem
1437 2514 1885 2557 numerorum.
1924 2494 2123 2577 Quod
2147 2496 2447 2584 Lyricum

305 2602 706 2680 inscribitur,
754 2598 924 2663 illius
968 2620 1122 2662 sane
1167 2620 1302 2661 non
1352 2616 1449 2663 est
1469 2646 1488 2679 ,
1539 2596 1654 2662 sed
1698 2599 1901 2687 inepti
1943 2600 2320 2689 cujuspiam.
2359 2606 2451 2669 Ea

303 2732 457 2772 vero
499 2706 760 2797 Elegia,
800 2706 869 2768 in
924 2727 1052 2793 qua
1102 2705 1358 2769 canitur
1411 2704 1757 2792 Aquilina,
1814 2728 2207 2794 quamquam
2254 2708 2453 2773 habet

305 2812 656 2879 sententias
697 2812 1039 2902 elegiacas,
1089 2827 1302 2874 tamen
1347 2810 1633 2874 hominis
1682 2827 1781 2875 est
1829 2810 2065 2875 Graecae
2105 2813 2453 2877 literaturae

305 2920 508 3009 ignari
526 2968 546 3001 ,
584 2934 650 2981 et
681 2940 880 3005 quem
901 2916 1068 2981 ratio
1092 2916 1348 3005 fugeret
1367 2916 1779 3003 syllabarum.
1810 2917 1889 2979 Iu
1918 2918 2215 3004 sequenti
2243 2920 2454 3008 Atque

303 3026 416 3089 sub
439 3024 764 3089 exhausto
787 3038 1044 3113 pectore
1059 3022 1300 3111 pingue
1305 3018 1541 3109 femur
1548 3068 1571 3100 ,
1610 3022 1762 3085 Non
1801 3037 1897 3085 est
1930 3023 2145 3086 femur
2175 3022 2299 3086 sub
2334 3048 2448 3113 pe-

301 3148 525 3215 ctore3
552 3152 768 3219 neque
787 3144 1016 3217 pectus
1043 3126 1434 3193 exhaustum
1452 3127 1843 3215 probaveriS,
1868 3128 2055 3217 quasi
2086 3128 2335 3215 phthoe
2361 3133 2451 3196 la-

303 3238 493 3301 boret
525 3259 543 3301 :
601 3232 836 3300 melius
890 3231 1162 3298 Ovidius
1197 3255 1214 3297 ε
1263 3234 1356 3296 Et
1402 3235 1715 3320 castigato
1764 3234 2018 3297 suberat
2058 3234 2170 3297 sub
2200 3250 2451 3324 pectore

303 3358 544 3409 vatter.

306 3554 451 3620 ΧΠ.
477 3552 750 3619 JANUS
772 3549 1061 3616 DOUSA
1083 3550 1153 3612 in
1179 3546 1444 3612 Proecid.
1479 3546 1563 3612 ad
1590 3547 1851 3612 Petron.
1880 3548 1990 3613 lib.
2023 3550 2128 3633 11,
2166 3574 2303 3642 cap.
2328 3554 2444 3619 ult.

389 3750 877 3817 Animadvertas
930 3747 1084 3811 licet
1143 3744 1507 3811 barbariem
1564 3768 1641 3811 ac
1696 3744 1919 3811 sordes
1985 3751 2203 3813 nescio
2264 3754 2448 3832 cujus

305 3858 715 3938 Maximiani,
765 3856 878 3942 qui
919 3874 1128 3940 usque
1167 3851 1384 3917 adhuc
1416 3866 1634 3917 tamen
1670 3874 1793 3939 pro
1830 3853 2121 3942 principe
2156 3856 2267 3921 illo
2300 3858 2447 3923 Ele-

307 3962 662 4053 giographo
700 3964 906 4025 Corn.
945 3958 1170 4039 Gallo,
1204 3979 1340 4022 non
1373 3956 1525 4021 dico
1562 3956 1721 4023 mihi
1743 4006 1761 4041 ,
1800 3958 1939 4023 Nec
1970 3958 2169 4024 bardo
2186 3964 2450 4047 juveni,

307 4092 500 4159 neque
535 4072 714 4133 naris
761 4068 998 4144 obesae,
1039 4064 1152 4131 sed
1189 4062 1438 4129 stolidae
1473 4064 1929 4152 imperitorum
1978 4067 2185 4131 turbae
2228 4068 2454 4133 obtru-
