2964 4690
464 374 608 462 464

1134 374 1571 444 HOSIDII
1630 376 1931 446 GETAE

561 497 807 568 Nescio
845 493 1028 589 quod
1064 509 1320 564 certum
1357 510 1495 580 est,
1534 497 1601 563 in
1644 497 1892 566 nubem
1934 497 2199 590 cogitur
2241 522 2378 567 aer.

560 607 851 701 Adspice
883 629 1180 674 convexo
1209 619 1562 674 nutantem
1600 607 1894 702 pondere
1926 605 2297 675 mundum:

559 722 647 788 Et
681 715 903 787 statris
935 714 1138 784 radiis
1179 715 1468 784 obnoxia
1506 741 1581 786 su
1590 719 1781 811 rgere'
1817 716 1995 785 luna.
2524 756 2602 796 ιφ

1383 875 1656 921 JASON.

557 979 786 1050 Media
825 977 956 1046 fert
997 977 1216 1046 tristes
1251 1000 1484 1047 succos
1498 1031 1518 1065 ‚
1562 978 1804 1048 infecta
1849 980 2121 1048 venenis
2142 1033 2159 1067 ,
2383 1068 2391 1078 ,

554 1092 714 1180 Quo
752 1086 1118 1157 thalamum
1155 1087 1431 1180 eripiat,
1464 1102 1666 1181 atque
1706 1090 1964 1159 ossibus
2004 1087 2303 1185 implicet
2332 1091 2598 1185 ignem3

555 1205 725 1270 Fare
745 1223 868 1294 age
886 1251 905 1286 ,
931 1197 1095 1292 quid
1115 1196 1367 1267 venias:
1381 1198 1521 1292 jam
1546 1199 1743 1268 istinc
1758 1215 1825 1269 et
1839 1202 2205 1296 comprime
2222 1224 2547 1294 gressum.

459 1403 619 1456 habet
664 1425 688 1448 ιι
716 1399 844 1452 Hac
887 1397 1106 1464 domus,
1154 1397 1271 1451 haec
1313 1397 1482 1469 patria

463 1494 542 1536 est
559 1508 600 1532 ³·-

534 1561 650 1616 188.
680 1559 863 1610 Nescio
894 1561 1032 1624 quod
1062 1571 1336 1610 certamen
1363 1578 1380 1608 .·
1411 1557 1480 1611 ita

460 1643 514 1694 in
539 1637 754 1694 schedis
772 1635 932 1700 MS&
957 1634 1051 1688 sed
1073 1635 1209 1707 lege:
1252 1663 1273 1683 ι
1293 1637 1482 1690 Nescio

463 1718 594 1794 quid
613 1729 756 1770 certe
780 1725 920 1780 est»,
945 1731 1012 1766 ex
1033 1714 1147 1766 Ecl.
1172 1715 1330 1777 VIII,
1364 1732 1480 1779 107.

533 1799 654 1866 189.
689 1797 904 1862 Adspice
953 1813 1175 1846 conoe-2⁸0
1227 1809 1480 1846 nutantem

453 1880 678 1948 pondere
711 1877 974 1926 mundum.-
1000 1877 1068 1923 Ee
1087 1875 1272 1942 fratris
1303 1876 1478 1926 radiis.

456 1957 670 2010 Primus
681 1970 864 2008 versus
890 1962 969 2003 est
980 1969 1042 2004 ex
1057 1952 1235 2023 Eclog.
1265 1951 1362 2018 IV,
1383 1953 1481 2018 50;

457 2035 592 2089 alter
627 2051 694 2086 ex
717 2031 912 2101 Georg.
933 2029 1032 2082 lib.
1059 2030 1108 2092 Ι,
1142 2031 1280 2098 396:
1316 2056 1339 2077 ι
1357 2031 1478 2084 stel-

456 2116 523 2168 lis
553 2113 690 2168 acies
716 2112 904 2164 obtusa
929 2108 1138 2162 videtur
1169 2109 1281 2163 Nec
1295 2109 1477 2164 'fratris

456 2193 621 2248 radiis
646 2189 874 2244 obnoxia
899 2205 1112 2260 surgere
1137 2190 1292 2241 Luna
1311 2211 1355 2254 »ς
1374 2209 1473 2242 un-

458 2273 527 2326 de
570 2283 714 2344 patet
753 2267 1070 2320 infinitivum
1112 2287 1314 2337 surgere
1365 2268 1476 2320 illic

455 2354 567 2426 regi
609 2372 638 2405 a
683 2343 1004 2423 precedenti
1043 2349 1209 2401 verbo
1251 2352 1475 2411 videtum

455 2431 601 2507 quod
639 2429 910 2502 negligens
937 2426 1284 2481 ‘centonarius
1331 2447 1477 2481 eum—

458 2512 584 2566 dem
630 2508 720 2561 hic
770 2505 894 2560 fecit
937 2505 1192 2559 orationis
1237 2506 1442 2559 hiatum
1456 2547 1471 2573 ‚

456 2591 666 2664 qualem
694 2603 857 2657 supra
887 2584 1110 2638 vidimus
1131 2604 1186 2638 v.
1218 2604 1333 2655 179.

534 2684 648 2737 191.
677 2668 846 2718 Media
857 2667 970 2733 sert
997 2668 1156 2717 tristes
1181 2684 1374 2730 succos,
1397 2667 1473 2716 in-

440 2752 588 2821 secta
617 2749 824 2799 venen&
851 2766 871 2797 .·
897 2746 969 2798 ita
998 2746 1200 2797 correxi
1223 2764 1235 2797 ε
1269 2746 1324 2797 in
1349 2743 1469 2798 cod.

453 2829 671 2884 Salmas.
695 2837 747 2880 et
772 2823 920 2877 Leid.
947 2823 1222 2894 legebatur
1249 2848 1276 2869 α
1293 2825 1470 2877 Media

452 2910 556 2962 fert
570 2906 740 2959 tristes
755 2920 963 2964 succos,
981 2902 1250 2973 nigrisque
1275 2903 1470 2955 insecta

452 2986 670 3041 venenis
689 3008 714 3031 ιι
745 3002 759 3036 :
788 2982 880 3036 sed
902 2981 1128 3035 delenda
1153 2994 1230 3035 est
1257 3000 1359 3035 vox
1388 2985 1467 3033 ni·

448 3069 673 3136 gn'sque,
692 3063 860 3133 quum
877 3070 1095 3131 propter
1107 3078 1286 3113 versus
1303 3061 1468 3132 ipsius

451 3144 615 3218 pedes
631 3140 958 3195 abundantes
968 3176 984 3202 ,
1001 3134 1112 3191 tuin
1127 3150 1344 3211 propter
1355 3134 1467 3210 ipsa

453 3221 662 3294 Virgilii
678 3217 1012 3273 hemistichia
1037 3234 1051 3269 τ
1073 3219 1304 3289 primum
1325 3219 1464 3270 enim

451 3314 531 3355 est
555 3318 618 3352 ex
637 3299 829 3369 Georg.
857 3296 946 3349 lib.
979 3298 1034 3349 11
1051 3336 1065 3357 ,
1087 3299 1185 3348 126
1209 3314 1224 3348 τ
1249 3322 1276 3343 ιι
1291 3296 1465 3349 Media

451 3383 553 3434 fert
582 3378 752 3431 tristes
790 3394 973 3429 succos
992 3412 1007 3438 ‚
1033 3374 1352 3447 tardumque
1385 3394 1468 3428 sa-

448 3478 651 3533 porem,
681 3468 778 3509 etc.
803 3482 827 3501 a
848 3472 865 3519 ς
889 3454 1110 3507 alterum
1131 3474 1194 3508 ex
1223 3458 1347 3508 AEn.
1367 3454 1461 3507 lib.

446 3540 572 3602 vn,
591 3536 689 3599 341
726 3553 740 3587 ε
765 3561 789 3581 ι
809 3534 941 3587 Exin
968 3532 1258 3606 Gorgoneis
1278 3534 1462 3587 Alecto

445 3618 636 3671 infecta
665 3613 920 3667 venenis·
947 3634 960 3664 ε
999 3614 1056 3666 in
1095 3624 1284 3666 neutro
1320 3613 1462 3666 enim

446 3714 600 3751 versu
632 3694 884 3760 nigrisque
907 3693 1154 3745 occurrit.

523 3775 638 3842 ¹93·
667 3778 780 3822 Iam
801 3774 960 3833 istinc,
981 3786 1032 3823 ee
1046 3774 1304 3841 comprime
1317 3791 1459 3841 gres·

447 3874 569 3906 sum.
604 3852 685 3904 Ne
711 3848 961 3903 audacius
991 3868 1104 3901 rem
1133 3869 1288 3922 agere
1316 3852 1460 3905 vide-

446 3952 554 3996 rer,
583 3932 656 3984 ita
681 3928 824 3983 edidi
852 3929 908 3981 in
931 3939 1070 3981 textu
1093 3970 1108 3993 ,
1133 3942 1190 3981 ut
1212 3928 1376 3983 hodie
1392 3931 1463 3983 le·

447 4014 614 4083 gitur,
646 4010 770 4063 licet
802 4008 1016 4062 duriore
1053 4026 1206 4061 versu
1225 4048 1240 4074 ‚
1263 4008 1318 4059 in
1345 4010 1460 4062 vul-

442 4092 577 4162 gatis
610 4090 822 4161 Virgilii
869 4086 1257 4159 exemplaribus
1273 4124 1288 4151 ,
1331 4092 1458 4142 AEn.

1568 1399 1661 1452 lib.
1688 1401 1794 1461 VI,
1826 1401 1929 1470 389
1948 1441 1964 1466 ,
1990 1401 2084 1454 uhi
2108 1400 2209 1454 viri
2233 1399 2383 1475 docti
2418 1399 2595 1453 nullas

1571 1498 1602 1531 e
1639 1477 1795 1533 codd.
1846 1479 1977 1533 MSS
2018 1491 2274 1552 promunt
2316 1479 2597 1534 varietates

1570 1558 1877 1630 scripturam
1903 1557 2006 1610 nisi
2029 1557 2177 1630 quod
2204 1561 2313 1612 istic
2338 1557 2394 1610 in
2414 1557 2597 1612 multis

1572 1637 1795 1708 legatur,
1842 1647 1895 1688 et
1920 1637 1978 1688 in
2018 1638 2237 1708 antiqua
2280 1635 2589 1689 ed.Veneta

1568 1718 1673 1767 isu'c
1686 1719 1800 1784 jam
1822 1719 2096 1785 comprime.
2126 1719 2331 1785 Gressus
2360 1716 2413 1768 in
2442 1715 2594 1770 Wit-

1571 1794 1696 1847 tiau.
1728 1794 1907 1848 Codex
1941 1793 2449 1849 Amstelaedamensis
2470 1795 2589 1848 vnl-

1569 1885 1740 1944 gatam
1760 1883 1961 1939 servat,
1979 1892 2100 1926 cum
2130 1874 2298 1942 glossa
2322 1873 2378 1925 in
2400 1873 2595 1946 margi-

1568 1971 1661 2020 ne,
1680 1957 1852 2005 recede
1866 1957 1983 2004 hinc
2002 1974 2021 2003 .·
2037 1970 2211 2024 neque
2230 1953 2380 2005 aliter
2398 1952 2454 2004 in
2470 1971 2592 2006 meo

1568 2031 1755 2086 codice
1773 2032 2021 2086 habetur.
2060 2031 2167 2085 Sed
2201 2032 2337 2085 forte
2358 2030 2449 2084 hic
2478 2051 2589 2085 non

1564 2128 1753 2182 parum
1780 2109 2035 2163 debemus
2069 2122 2335 2182 corrupta
2372 2109 2592 2164 scheda-

1564 2208 1684 2242 rum
1723 2187 2169 2243 Salmasianarum
2212 2201 2266 2241 et
2299 2188 2421 2242 cod.
2468 2189 2591 2242 Lei·

1565 2268 1743 2323 densis
1762 2269 2033 2341 scriptume
2046 2305 2062 2330 ,
2088 2269 2145 2320 in
2163 2269 2357 2340 quibus
2375 2269 2555 2322 inveni
2572 2311 2588 2335 ‚

1572 2375 1594 2397 ι
1614 2350 1749 2401 Fare
1782 2367 1877 2420 age
1893 2387 1907 2412 ,
1934 2347 2064 2419 quid
2088 2349 2301 2414 venias,
2322 2352 2432 2421 jam
2458 2348 2587 2401 stin·

1564 2442 1651 2501 get
1676 2418 1986 2497 comprome
2004 2446 2206 2481 ressum
2226 2453 2249 2475 a·
2267 2466 2282 2492 ‚
2304 2428 2449 2482 unde
2470 2429 2583 2483 elici

1562 2519 1735 2580 potest
1758 2507 2063 2579 elegantior,
2096 2518 2155 2559 ut
2192 2507 2325 2560 mihi
2367 2506 2585 2579 quidem

1561 2586 1799 2653 videtur,
1844 2587 1999 2640 lectio
2014 2627 2029 2654 ,
2079 2599 2241 2659 atque
2298 2587 2433 2641 adeo
2483 2588 2583 2659 ipsi

1560 2666 1789 2737 Virgilio
1832 2666 1971 2719 forte
2006 2665 2333 2719 restituenda
2370 2684 2383 2717 ε
2424 2692 2451 2711 c
2468 2670 2581 2739 jam

1561 2746 1751 2816 stringe
1770 2782 1785 2811 ,
1810 2758 1862 2798 et
1888 2746 2179 2816 comprime
2206 2764 2441 2816 gressum
2454 2766 2497 2808 υς
2526 2758 2585 2799 ut

1558 2829 1801 2893 ser-ingere
1818 2824 1909 2877 hic
1929 2825 2171 2877 absolute
2189 2825 2463 2895 capiamus
2484 2834 2583 2897 pro

1557 2922 1621 2956 eo
1648 2902 1792 2974 quod
1822 2914 2071 2976 argenteo
2100 2922 2213 2955 oevo
2248 2906 2463 2971 strigare
2495 2902 2577 2956 di-

1556 2994 1782 3045 xerunt,
1814 2994 1874 3034 ut
1909 2981 2054 3053 apud
2084 2981 2288 3034 phaedr.
2326 2983 2433 3034 fab.
2468 2982 2583 3050 111,

1556 3066 1609 3126 6,
1652 3078 1685 3129 9
1727 3080 1741 3114 :
1808 3086 1833 3105 «ι
1858 3062 1949 3113 ubi
1988 3060 2317 3132 strigandum
2337 3098 2353 3123 ,
2400 3060 2583 3113 et-ubi

1556 3138 1881 3193 currendum
1919 3151 2027 3203 est,
2072 3140 2183 3192 scio
2203 3164 2258 3199 n,
2310 3140 2407 3191 ubi
2455 3138 2579 3191 vide

1554 3232 1707 3271 notas
1722 3218 2063 3290 interpretum
2082 3236 2098 3282 ς
2118 3229 2169 3270 et
2188 3218 2259 3269 ita
2280 3217 2493 3271 dicatur
2510 3216 2579 3271 de

1552 3299 1670 3364 illo,
1704 3297 1798 3371 qui
1828 3316 2042 3351 cursum
2072 3298 2232 3359 sistit,
2264 3309 2317 3349 et
2337 3316 2576 3369 gressum

1551 3378 1761 3430 cohibet
1781 3396 1811 3430 a
1830 3376 1963 3437 1000,
1986 3376 2040 3427 iu
2062 3396 2221 3448 quem
2247 3376 2467 3429 tendere
2489 3376 2575 3430 ad·

1552 3456 1815 3509 nitebatur
1834 3474 1847 3507 :
1864 3455 2007 3526 quod
2024 3454 2443 3525 optimeVirgilio
2452 3474 2579 3509 con·

1550 3536 1695 3588 venit
1714 3572 1729 3599 ,
1757 3536 1881 3607 quia
1900 3534 2114 3588 Charon
2133 3534 2239 3588 illic
2256 3534 2453 3606 Stygia
2472 3554 2575 3587 un-

1551 3613 1634 3667 da
1670 3612 2180 3685 adpropinquantem
2214 3630 2337 3665 cum
2369 3613 2573 3685 Sibylla

1548 3697 1770 3746 AEneam
1794 3694 2058 3764 increpat,
2089 3706 2142 3744 et
2167 3710 2400 3763 gressum
2428 3694 2569 3746 ulte·

1549 3774 1659 3825 rius
1711 3790 2019 3843 promovere
2070 3784 2210 3825 vetat
2219 3812 2234 3839 ,
2276 3771 2369 3824 sed
2420 3774 2573 3844 quasi

1550 3866 1751 3905 metam
1798 3854 2049 3923 stringere
2088 3853 2263 3925 jubet,
2316 3865 2377 3904 ut
2422 3852 2569 3925 apud

1549 3931 1706 3985 Ovid.
1735 3932 1864 3984 Met.
1895 3932 2012 3996 ΙΙΙ,
2040 3950 2099 3996 2,
2130 3950 2191 3984 υ
2224 3950 2239 3984 :
2278 3956 2303 3976 κ
2325 3930 2393 3981 Et
2412 3930 2571 3984 strin-

1548 4029 1669 4081 gam
1696 4022 1861 4063 metas
1878 4010 2131 4064 interiore
2150 4020 2267 4062 rota
2285 4034 2327 4060 ιι.
2346 4010 2567 4063 Diverso

1550 4088 1793 4141 nonnihil
1837 4108 1993 4143 sensu
2029 4089 2173 4163 apud
2200 4089 2527 4160 Propertium
2547 4128 2564 4153 ,
