2964 4690
475 422 613 504 442
1175 415 1883 485 PRAEMONITIO

473 545 922 612 vetustissimis
965 543 1356 608 membranis
1399 543 1609 608 habeo
1636 576 1685 609 ι.
1740 544 1971 610 Sed-in
2010 567 2296 609 errorem
2336 543 2605 610 adduxit

474 654 646 717 viros
679 649 966 716 eruditos
979 697 998 732 ,
1022 650 1136 738 qui
1163 651 1613 715 existimarunt
1642 629 1793 714 eum
1825 648 2181 739 possedisse
2208 647 2603 740 deperditam

478 757 692 824 Ovidii
715 756 1024 822 Medeam
1045 805 1064 835 ‚
1103 755 1284 845 quod
1324 772 1389 820 et
1435 756 1518 822 de
1563 755 1875 822 Bilibaldo
1919 755 2361 822 Pirkheimero
2404 755 2605 821 tradi-

477 882 652 928 tum:
693 864 780 926 ita
817 861 1119 927 credebat
1149 861 1519 944 Fabricius,
1558 861 1859 927 Biblioth.
1894 861 2029 926 Lat.
2053 859 2180 926 rol.
2214 861 2281 943 1,
2320 883 2458 950 oep.
2490 859 2567 926 15
2586 909 2605 938 ‚

479 993 543 1058 p.
581 973 745 1057 2743
779 967 894 1032 sed
927 965 1108 1056 quod
1145 968 1284 1057 ipse
1319 967 1599 1033 correxit
1630 967 1757 1031 vol.
1796 968 1895 1048 ΙΙ,
1930 991 1995 1056 p.
2030 965 2178 1032 380.
2226 967 2479 1032 Notum
2510 983 2611 1031 est

481 1074 860 1139 Ovidianam
893 1073 1190 1138 Medeam
1227 1074 1571 1138 memorari
1608 1073 2044 1155 Quintilium,
2075 1071 2187 1137 lib.
2220 1074 2322 1155 X,
2362 1095 2505 1160 cap.
2540 1095 2608 1153 ¹3

481 1180 598 1245 ubi
629 1179 776 1244 vide
809 1179 946 1244 Pet.
981 1163 1200 1243 Burm.
1236 1163 1573 1267 notas„p.
1598 1200 1763 1266 912,
1796 1194 1861 1242 et
1894 1176 1975 1242 ad
2007 1176 2316 1260 lib.V111,
2350 1201 2491 1268 eap.
2526 1175 2565 1242 5
2588 1225 2608 1258 ,

483 1309 547 1374 p.
579 1308 699 1373 721
720 1333 738 1366 ,
775 1285 891 1349 uhi
935 1301 1000 1350 et
1047 1285 1427 1350 Salmasium
1472 1300 1539 1348 et
1570 1284 1956 1376 Seriyerium
2009 1284 2243 1348 erroris
2283 1284 2609 1348 immunes

484 1389 669 1471 facit,
704 1403 908 1477 quum
949 1405 1181 1453 neuter
1212 1387 1446 1453 ovidio
1482 1387 1869 1454 adtribuerit
1890 1435 1910 1470 ,
1945 1387 2059 1452 sed
2089 1388 2431 1453 Salmasius
2463 1404 2610 1453 tan·

486 1513 630 1559 tum
663 1495 982 1558 notaverit
1013 1517 1209 1583 penes
1253 1517 1321 1559 se
1360 1516 1498 1558 esse
1538 1495 1869 1582 antiquam
1908 1493 2279 1584 tragoediam
2314 1493 2612 1560 Medeam

485 1603 552 1665 in
587 1600 1034 1665 vetustissimis
1080 1601 1472 1665 membranis
1492 1649 1514 1678 ,
1553 1599 1667 1665 sed
1697 1599 1933 1666 ovidio
1966 1617 2181 1666 tamen
2216 1620 2347 1665 non
2378 1600 2617 1666 adscri-

487 1709 703 1796 pserit.
743 1709 932 1772 Certe
962 1731 1185 1773 versus
1217 1707 1353 1788 ille,
1387 1730 1585 1796 quem
1615 1731 1695 1772 ex
1722 1707 1935 1773 Ovidii
1970 1707 2199 1772 Medea
2229 1709 2431 1773 altero
2466 1708 2615 1772 loco

489 1812 698 1876 adfert
752 1813 1190 1895 Quintilianus
1209 1861 1227 1894 ,
1280 1843 1305 1868 σι
1341 1813 1604 1878 Servare
1655 1811 1875 1902 potui,
1921 1813 2193 1903 perdere
2240 1836 2323 1878 an
2372 1813 2617 1902 possim

490 1917 727 2007 rogas?
758 1949 784 1974 ι
831 1918 904 1981 in
945 1919 1048 1982 his
1105 1917 1234 2006 legi
1285 1941 1422 1982 non
1474 1936 1724 2008 potest,
1767 1920 1920 2007 quia
1964 1918 2197 1983 diversi
2250 1919 2437 1982 metri
2477 1933 2615 1998 est,

493 2046 690 2112 quem
725 2045 804 2088 ex
836 2021 948 2088 illo
967 2021 1213 2114 Virgilii
1248 2025 1317 2089 in
1351 2025 1519 2107 Ciri,
1547 2049 1608 2092 v.
1644 2024 1767 2114 275
1789 2073 1807 2107 ,
1825 2024 2239 2113 desumptum
2274 2045 2412 2090 esse
2442 2023 2617 2088 idem

492 2130 906 2194 Burmannus
940 2130 1242 2218 putabat,
1283 2159 1308 2186 α
1339 2131 1430 2194 Ut
1463 2151 1572 2194 me
1602 2131 1657 2195 si
1688 2153 1941 2196 servare
1972 2147 2156 2220 potes
2176 2179 2196 2211 ,
2233 2153 2317 2194 ne
2350 2129 2623 2218 perdere

491 2233 674 2297 malis
701 2259 766 2316 »ς
805 2233 920 2298 ubi
956 2233 1129 2298 idem
1162 2233 1499 2300 adnotavit
1531 2236 1758 2327 Scalig.
1791 2252 1857 2300 et
1892 2237 1985 2301 sic
2028 2237 2324 2300 Barthius
2365 2237 2434 2299 in
2483 2234 2623 2300 Ad-

491 2339 816 2424 versariis,
850 2357 916 2405 et
949 2341 1206 2407 Delrius
1244 2341 1312 2406 in
1351 2343 1527 2408 notis
1578 2342 1660 2408 ad
1700 2343 1923 2408 Senec.
1952 2341 2124 2408 Med.
2166 2343 2307 2407 init.
2342 2340 2456 2407 sed
2496 2339 2621 2405 du-

492 2444 632 2509 bito
665 2468 746 2508 an
789 2468 924 2509 non
959 2445 1382 2512 adumbratus
1417 2446 1501 2511 sit
1536 2468 1615 2512 ex
1658 2448 2023 2535 antiquiore
2056 2464 2278 2537 poeta,
2311 2448 2515 2513 veluti
2546 2470 2625 2511 ex

492 2549 603 2614 illo
630 2550 1080 2640 Aristophanis
1111 2554 1179 2617 in
1212 2546 1517 2619 Nubibus
1535 2602 1555 2636 ‚
1580 2576 1674 2619 νε.
1710 2576 1735 2618 1
1755 2576 1914 2642 179:

809 2704 912 2755 Νῦν
953 2696 1030 2755 οὖν
1071 2702 1204 2764 ὅπως
1241 2694 1408 2773 etiope.-
1445 2710 1523 2773 μ’,
1568 2704 1677 2757 ἐπεὶ
1714 2704 2029 2774 navensi-eac.

491 2836 797 2903 Similiter
825 2838 964 2927 ipse
997 2838 1301 2921 Ovidius,
1335 2838 1493 2904 Met.
1524 2838 1651 2922 lx,
1678 2862 1771 2905 vs.
1805 2840 1973 2928 7²3²

819 3016 1185 3034 ...........
1213 2980 1258 3034 si
1279 2980 1503 3036 mmihi
1523 2996 1737 3058 parcere
1764 2980 1960 3037 vellent
1972 3023 1988 3049 ,

809 3066 1034 3151 Parcere.
1051 3066 1344 3121 debu'erant
1357 3108 1375 3135 ,
1401 3068 1446 3121 si
1468 3084 1578 3121 non
1607 3081 1659 3122 et
1685 3069 1912 3142 perdere
1940 3070 2165 3136 vellent3

487 3210 882 3301 quamquam
915 3234 1175 3276 versum
1208 3212 1406 3277 istum
1441 3208 1880 3276 adulterinum
1918 3206 2241 3271 existimet
2278 3204 2623 3271 Heinsius:

488 3333 554 3380 et
594 3316 762 3379 forte
810 3332 963 3381 nota
1018 3339 1054 3380 e
1099 3317 1344 3406 tragico
1375 3316 1729 3380 vetustiore
1762 3312 1889 3376 fuit
1918 3308 2265 3384 sententia,
2302 3308 2387 3373 ad
2423 3333 2627 3398 quam

487 3422 677 3485 etiam
712 3422 1064 3510 respexisse
1088 3422 1306 3511 potuit
1333 3422 1562 3487 Cicero
1590 3444 1713 3510 pro
1746 3418 2019 3498 Planco,
2046 3438 2182 3505 cap.
2210 3414 2329 3498 36,
2357 3416 2425 3479 in
2452 3414 2626 3483 fine:

483 3560 506 3589 «ι
530 3543 602 3591 ut
632 3526 806 3592 idem
834 3524 1126 3617 perditor
1149 3528 1542 3618 Reipublicae
1567 3525 1960 3605 nominarer,
1989 3522 2104 3611 qui
2140 3538 2429 3587 servator
2462 3523 2629 3586 fuis-

483 3656 619 3697 sem
641 3664 684 3697 ο.
743 3633 970 3721 Neque
1016 3633 1324 3699 dissimile
1367 3632 1527 3698 illud
1586 3630 1837 3697 Iasonis
1884 3627 2060 3719 apud
2108 3625 2415 3693 eumdem
2462 3627 2629 3693 Ovi-

482 3738 665 3803 dium
681 3784 702 3822 ,
727 3738 932 3826 Epist.
957 3741 1087 3804 XII
1103 3788 1122 3818 ,
1141 3738 1238 3829 '75
1265 3763 1280 3805 :

797 3874 1022 3931 Perdere
1041 3895 1194 3951 posse
1211 3888 1294 3931 sat
1315 3889 1420 3943 est3
1447 3876 1493 3929 si
1517 3891 1675 3949 quem
1698 3878 1847 3951 juvet
1866 3875 1982 3948 ipsa
2005 3858 2264 3947 potestas:

864 3963 969 4018 Sed
991 3964 1086 4019 tihi
1107 3978 1346 4020 servatus
1373 3964 1544 4039 gloria
1568 3965 1739 4037 major
1768 3978 1875 4017 ero.

471 4103 780 4183 Eiusdem
802 4106 1048 4193 Medea
1071 4104 1400 4171 Ovidianae
1431 4104 1873 4171 meminerunt
1902 4103 2074 4167 inter
2092 4100 2357 4168 Veteres
2384 4116 2629 4167 auctor
