2964 4690
901 323 910 332 ’
981 375 1400 445 AnsoNn
1452 376 1751 442 RosAE.
2397 379 2431 420 r

2304 403 2431 450 110

497 491 766 569 Maturo
803 483 1078 592 cupiens
1120 523 1224 566 me
1259 509 1565 592 vegetare
1605 497 1732 566 die.

419 609 559 678 Vidi
594 621 940 678 concretas
983 633 1102 702 per
1142 609 1440 703 gramina
1479 607 1648 676 flexa
1689 611 1963 703 pruinas

503 719 833 805 Pendere,
874 733 992 788 aut
1027 718 1284 788 olerum
1330 733 1504 786 stare
1542 721 2031 802 cacuminibuS‚

421 827 725 900 Caulibus
762 845 831 898 et
867 828 1111 924 patulis
1155 843 1392 898 teretes
1427 827 1763 900 colludere
1795 845 2050 926 guttam,

503 944 590 1010 Et
626 938 903 1009 oelestis
936 964 1124 1034 aquae
1161 938 1456 1034 pondere
1498 955 1658 1009 tunc
1694 941 2018 1036 gravidas,

421 1049 560 1120 Vidi
600 1054 904 1120 sztano
939 1049 1223 1120 candere
1266 1051 1514 1119 rosaria
1559 1051 1781 1136 cultu,

505 1163 861 1231 Exoriente
897 1187 1072 1231 novo
1109 1159 1368 1229 roscida
1412 1159 1745 1240 Lucifero.

420 1275 586 1340 Rara
620 1273 957 1367 pruinosis
995 1271 1272 1340 canebat
1311 1293 1571 1364 gemma
1606 1271 1898 1357 fratem,

514 1381 613 1451 Ad
663 1383 861 1475 primi
902 1381 1121 1450 radios
1155 1381 1503 1449 interitura
1537 1380 1661 1448 die.

334 1563 518 1638 qundrn
536 1577 590 1618 et
615 1565 849 1637 compita
874 1565 928 1617 in
955 1563 1336 1622 hortis-nsunt

339 1657 500 1696 antem
518 1647 839 1712 quadr-namt
857 1643 1080 1714 explicat
1090 1644 1336 1706 Vinctus,

335 1721 577 1794 quadrata
616 1723 704 1774 vel
740 1721 1135 1793 quadrangula,
1176 1721 1341 1776 veluti

335 1819 490 1874 quum
508 1800 892 1853 ambulationes
910 1799 1050 1864 dua,
1069 1800 1218 1872 quasi
1239 1799 1337 1854 viae

331 1880 472 1946 duo,
499 1880 637 1932 inter
663 1897 719 1932 se
742 1885 920 1933 secant
939 1882 994 1930 in
1019 1877 1197 1932 medio
1216 1879 1340 1933 hor-

327 1973 378 2014 to
391 1979 406 2014 :
419 1960 504 2012 vel
515 1972 638 2013 snnt
653 1959 753 2014 viz
765 1968 1142 2031 angustae‚quae
1157 1977 1213 2012 se
1225 1977 1342 2030 per-

327 2051 494 2093 -eant
516 2039 570 2091 in
592 2037 857 2110 quadrum
875 2076 892 2102 ,
930 2048 982 2090 et
1013 2036 1342 2109 distinguunt

326 2139 490 2173 ereas.
517 2117 646 2172 Haec
671 2117 914 2190 quadrua
940 2113 1168 2170 describi
1200 2118 1341 2170 arbi-

325 2213 430 2253 tror
461 2219 494 2253 a
532 2199 739 2253 Colum.
765 2201 915 2254 Hort.
946 2215 1022 2249 vs.
1055 2217 1156 2267 92:
1197 2225 1220 2246 ι
1243 2201 1344 2250 An·

323 2290 603 2353 gustusque
629 2278 774 2332 foros
809 2279 1030 2333 adverso
1055 2278 1222 2331 limite
1242 2277 1344 2331 du-

323 2378 460 2423 cens,
473 2360 674 2413 Rursus
691 2359 747 2411 in
765 2361 1043 2432 obliquum
1060 2358 1345 2431 distinguat

325 2439 530 2493 tramite
557 2458 777 2510 pal-von.

393 2535 444 2584 9.
477 2522 672 2570 Teretes
699 2521 944 2569 colludere
974 2530 1161 2585 guttas.
1192 2517 1344 2588 Opti-

323 2614 408 2649 ma
437 2598 556 2651 hoec
588 2597 746 2650 lectio
782 2596 1134 2671 plurimorum
1174 2614 1346 2648 exem-

321 2676 550 2749 plarium
568 2696 584 2729 ε
636 2676 853 2749 quidam
894 2674 1099 2729 codices
1143 2680 1344 2727 conclu·

323 2760 467 2817 dere,
508 2757 601 2809 alii
640 2760 932 2809 conducere.
969 2754 1144 2808 Gutta!
1187 2755 1347 2807 collu-

322 2832 444 2889 dere
471 2834 752 2900 dicuntur,
777 2834 988 2905 quando
1025 2834 1201 2905 plures
1239 2852 1344 2887 una

319 2912 574 2968 herentes
595 2915 651 2966 in
671 2913 818 2977 folio,
838 2925 1104 2985 turgentes
1120 2912 1344 2965 hutnore

319 3004 370 3045 et
407 3008 582 3046 teretes
621 2994 820 3045 micare
845 2992 983 3044 inter
1013 3010 1097 3057 se,
1124 3010 1343 3044 concur·

317 3090 436 3125 rem
488 3084 654 3144 atque
709 3090 815 3123 una
867 3069 1052 3123 ludere
1108 3068 1344 3123 variante

315 3150 603 3223 splendore
625 3148 888 3203 videntur.

391 3248 473 3283 ιο.
499 3236 569 3282 Ec
591 3232 795 3281 caelestt's
821 3246 969 3296 aquoe
994 3230 1210 3295 pondere
1230 3242 1345 3279 mne

312 3314 574 3375 grauidas.
600 3308 952 3363 scribendum
987 3320 1064 3359 est
1081 3346 1098 3371 ,
1132 3308 1177 3360 si
1213 3306 1346 3379 quid

315 3388 491 3454 video,
515 3410 653 3442 nnnc
678 3392 918 3458 gravidas
939 3404 956 3437 .·
980 3404 1169 3457 nempe
1196 3390 1346 3437 collu-

314 3472 447 3521 ἀπε
484 3482 650 3541 gnttae
669 3508 684 3532 ,
727 3468 852 3540 quia
894 3484 1038 3519 nunc
1082 3464 1345 3519 adfluente

314 3548 550 3611 mnae!
563 3547 757 3601 caelesti
777 3564 912 3617 aqna
933 3544 1162 3617 gravida:
1180 3544 1314 3597 fiunt
1327 3586 1344 3611 ‚

311 3640 364 3681 et
391 3626 607 3699 pondus
633 3626 951 3699 adquirunt.
981 3636 1039 3677 ut
1062 3624 1344 3689 inclinare,

311 3724 474 3761 ruere
529 3706 796 3777 incipiant.
861 3704 976 3757 Hoc
1034 3702 1176 3755 idem
1231 3714 1308 3755 est
1326 3740 1341 3766 ,

309 3787 467 3857 qnod
491 3786 703 3856 Pei-vig.
726 3786 864 3837 Ven.
887 3782 1148 3853 significat
1175 3802 1223 3835 v.
1253 3800 1340 3851 17:

311 3892 338 3909 -
365 3867 651 3939 Lam-yma
703 3864 898 3917 micant
945 3874 1226 3915 trementes
1278 3860 1345 3913 de

311 3946 534 3997 oednco
575 3942 808 4015 pondere
845 3960 859 3994 ε
903 3942 1064 3995 Gutta
1115 3958 1344 4012 praeceps

311 4022 455 4075 orbe
475 4040 641 4097 parvo
667 4022 890 4075 sustinet
916 4040 1063 4073 casus
1089 4038 1210 4071 suos
1233 4044 1272 4069 ι.

397 4120 422 4155 ι
437 4118 463 4154 ι
474 4144 488 4155 .
503 4110 736 4154 Poestano
757 4104 970 4153 eander-e
984 4104 1183 4152 ‘rosaria
1200 4102 1343 4151 euleu.

1426 1568 1655 1617 cauden
1689 1565 1851 1618 edidit
1893 1566 2127 1630 Tollius,
2153 1582 2215 1623 ut
2255 1570 2446 1642 legitur

1425 1645 1479 1694 in
1506 1642 1682 1696 Petav.
1694 1644 1845 1697 Voss.
1859 1645 1891 1697 J
1895 1665 1983 1698 un.
2000 1645 2116 1698 cod.
2132 1659 2185 1700 et
2201 1650 2445 1703 omnibus

1426 1719 1545 1774 edd.
1583 1723 1815 1776 vetustis.
1861 1723 1963 1777 Sed
1998 1743 2115 1796 qua
2152 1730 2262 1800 ejus
2292 1731 2444 1782 verbi

1425 1801 1551 1854 satis
1576 1812 1694 1872 apta
1722 1802 1801 1855 vis
1828 1802 1953 1856 huic
1980 1803 2095 1856 loco
2119 1823 2230 1857 esse
2256 1808 2446 1878 possit,

1425 1899 1535 1934 non
1571 1881 1743 1936 video.
1784 1881 2075 1936 Scriverius
2117 1883 2285 1938 edidit
2323 1907 2447 1938 ean·

1428 1963 1571 2020 dere,
1594 1960 1739 2033 quod
1762 1961 1926 2034 magis
1952 1963 2145 2033 placet.
2175 1963 2332 2031 Vidi,
2366 1965 2447 2018 in·

1428 2040 1572 2111 quit,
1608 2039 1802 2092 rosaria
1833 2039 1993 2112 hujus
2025 2041 2167 2094 horti
2194 2061 2259 2094 eo
2284 2049 2446 2108 cultu,

1428 2117 1620 2171 decore
1644 2156 1659 2183 ,
1688 2117 2077 2190 pulchritudine
2103 2125 2342 2183 candere,
2364 2124 2449 2174 ni-

1430 2211 1570 2261 tere,
1599 2198 1747 2270 quasi
1775 2210 1946 2252 essent
1977 2199 2211 2253 Paestana
2230 2238 2245 2264 ,
2282 2219 2449 2272 quan-

1429 2275 1715 2349 doquidem
1764 2298 1887 2329 novo
1934 2283 2155 2349 Lucifero
2199 2284 2451 2334 exoriente

1430 2366 1539 2409 tota
1592 2370 1741 2411 erant
1791 2362 1986 2410 msc-ida
2008 2398 2023 2419 ,
2078 2359 2211 2413 roris
2262 2362 2449 2431 guttis,

1428 2435 1576 2507 quasi
1593 2439 1808 2507 gemmis
1826 2437 2099 2492 distincta:
2116 2438 2259 2509 quod
2273 2440 2451 2511 ipsum

1428 2514 1673 2587 deinceps
1713 2513 1958 2569 declarat.
1980 2518 2129 2571 ‘Vide
2166 2529 2339 2572 notata
2382 2518 2453 2573 ad

1431 2594 1590 2647 verba
1641 2595 1979 2671 Columellae‚
2034 2596 2183 2649 Hort.
2227 2617 2303 2652 νε.
2346 2600 2443 2668 37:

1431 2699 1456 2718 α
1475 2674 1735 2747 Poestique
1760 2676 1955 2727 rosaria
1986 2686 2249 2747 gemment
2272 2703 2317 2728 ι..

1508 2762 1592 2819 14.
1623 2759 1707 2805 Ad
1719 2758 1871 2823 pn'mt'
1893 2760 2060 2806 radios
2085 2758 2337 2807 interitura
2358 2758 2451 2809 die.

1431 2834 1573 2886 Vera
1600 2832 1712 2885 haec
1732 2832 1889 2885 lectio
1916 2846 1993 2887 est
2018 2833 2215 2887 codicis
2246 2834 2452 2887 Junian.

1432 2925 1485 2965 et
1522 2911 1605 2965 cd.
1648 2910 1764 2965 Ald.
1808 2912 2016 2964 Ascens.
2042 2910 2203 2967 Will.
2232 2910 2451 2968 San-iver.

1429 2990 1569 3043 Toll.
1610 3002 1662 3042 et
1704 2994 1783 3042 die
1826 2990 2054 3062 positum
2092 3009 2188 3061 pro
2232 2992 2333 3043 dfe?
2368 3010 2452 3043 se-

1431 3068 1667 3124 cundnm
1707 3070 1895 3141 virgil.
1944 3070 2138 3141 Georg.
2178 3070 2203 3121 Ι
2225 3111 2241 3137 ,
2308 3072 2446 3123 208:

1430 3150 1643 3201 «Libra
1694 3148 1779 3201 die
1825 3148 2102 3219 somnique
2144 3168 2292 3218 pares
2351 3150 2445 3202 ubi

1431 3230 1611 3282 fecerit
1633 3228 1785 3279 horas
1799 3254 1839 3279 n.
1873 3226 1960 3280 Sic
1986 3228 2041 3279 in
2069 3226 2323 3280 similibus
2332 3230 2447 3299 fide

1429 3326 1529 3381 pro
1566 3305 1721 3371 fidei,
1772 3308 1879 3357 acie
1914 3324 2013 3377 pro
2058 3306 2222 3370 aciei,
2278 3310 2448 3375 requie

1429 3404 1532 3458 pro
1562 3384 1764 3455 requiei
1794 3382 1935 3455 apud
1970 3385 2164 3438 Auson.
2195 3384 2246 3437 in
2284 3384 2449 3457 Idyll„

1430 3464 1532 3528 IV,
1568 3472 1631 3527 4,
1674 3464 1765 3516 ubi
1796 3462 1899 3515 vid.
1942 3474 2050 3516 not.
2087 3462 2262 3518 Tollii.
2292 3464 2443 3517 Infra

1430 3563 1478 3597 v.
1508 3552 1606 3615 47:
1636 3542 1853 3614 «paucis
1885 3542 2005 3595 licet
2038 3538 2308 3596 interiture
2342 3544 2448 3597 die·

1429 3624 1529 3677 bus
1555 3648 1600 3675 ι.
1642 3621 1886 3674 Barthius
1927 3622 2015 3675 hic
2058 3622 2334 3695 legendnm
2368 3629 2446 3698 jn·

1430 3704 1571 3757 dicat
1610 3705 1706 3754 Dei
1741 3721 1838 3773 pro
1874 3705 1986 3763 ᾰίε,
2035 3716 2086 3755 et
2128 3705 2299 3756 Deum
2344 3722 2444 3777 pro

1431 3783 1549 3838 Sole
1566 3820 1581 3845 ‚
1600 3794 1660 3833 nt
1684 3781 1809 3833 alias
1833 3800 1988 3853 saepe,
2007 3781 2111 3835 dici
2134 3790 2245 3834 κατ’
2259 3782 2441 3850 ἐξοχτῖν.

1431 3860 1659 3913 -Vide
1694 3879 1811 3932 quae
1850 3862 2144 3915 notavimus
2184 3860 2250 3913 ad
2278 3862 2445 3933 epigr.

1433 3942 1504 4007 Q.
1534 3939 1802 3993 Ciceronis
1829 3938 1895 3992 de
1921 3940 2025 3991 xn
2051 3940 2240 4011 signis:
2276 3940 2450 3991 “Cur-

1431 4020 1765 4089 riculumque
1791 4018 1936 4073 Aries
1958 4032 2126 4093 aequat
2148 4019 2420 4089 noctisque
2435 4058 2450 4080 ‚

1435 4097 1627 4170 dieque
1642 4124 1687 4151 n.
1718 4098 1819 4150 En.

2094 4189 2158 4255 8.
