2964 4690
973 397 1229 468 NOVI
1277 397 1785 468 EDITORIS.
2291 397 2431 485 445
2496 389 2507 400 ’

311 552 380 618 p.
427 525 510 592 23
555 541 622 592 et
651 530 738 604 24
755 575 773 610 ,
820 529 934 614 qui
971 528 1314 596 Hosidium
1363 529 1593 593 Getam
1610 577 1631 610 ‚
1670 526 1915 592 Medeae
1956 527 2153 608 hujus
2208 547 2437 595 aucto-

315 657 454 698 rem
469 682 490 717 ,
510 632 593 697 ad
619 648 870 696 aetatem
896 633 1274 698 Tertulliani
1295 634 1492 698 refert
1517 657 1597 698 ex
1621 655 1781 698 voce
1802 633 1985 696 hodie
2007 635 2075 697 in
2098 632 2237 713 ejus
2258 636 2437 700 loco:

315 770 342 794 ιι
361 738 563 804 Vides
595 737 792 803 hodie
820 761 900 802 ex
914 737 1204 828 Virgilio,
1225 755 1346 804 etc.
1375 769 1403 795 υ
1432 755 1498 802 et
1518 739 1668 827 quia
1694 737 1903 821 addit,
1932 769 1957 796 α
1975 763 2157 804 meus
2175 741 2441 828 quidam

315 847 730 934 propinquus
784 867 862 908 ex
911 844 1142 910 eodem
1194 861 1412 933 poeta,
1463 860 1584 911 etc.
1602 875 1629 900 ν
1681 844 1953 909 Hosidio
2007 868 2264 934 nempe.
2320 847 2449 911 Ali-

319 967 418 1016 ter
444 969 660 1016 tamen
697 967 918 1016 censet
945 951 1292 1015 Fontanin.
1316 950 1397 1015 de
1417 951 1638 1038 Antiq.
1660 950 1913 1032 Horten,
1940 949 2051 1016 lib.
2075 952 2164 1035 ΙΙ,
2195 973 2262 1040 p.
2288 949 2443 1034 205,
2584 967 2595 980 ⁸

317 1056 436 1120 ubi
469 1072 802 1120 auctorem
837 1055 1031 1137 hujus
1063 1053 1308 1120 Medeae
1349 1056 1500 1121 facit
1542 1055 2064 1144 antiquissimum
2098 1079 2229 1144 prae
2258 1073 2449 1122 caete-

319 1163 438 1242 ris,
485 1184 770 1248 quorum
806 1177 1115 1226 centones
1139 1159 1533 1251 Virgilianos
1578 1161 1926 1243 habemus,
1978 1159 2275 1225 Osidium
2318 1162 2449 1226 Ge-

321 1283 488 1347 tam,
521 1267 638 1354 qui
687 1266 812 1331 sub
857 1265 1126 1331 Claudio
1167 1266 1198 1329 1
1238 1267 1428 1348 vixit,
1475 1282 1540 1330 et
1572 1266 1971 1330 Tertulliano
2016 1282 2445 1348 memoratur,

319 1387 517 1460 atque
547 1372 770 1459 inepte
797 1393 954 1436 cum
988 1369 1205 1435 Ovidii
1233 1369 1466 1434 Medea
1500 1368 1931 1434 confunditur
1961 1392 1977 1434 ε
2024 1369 2208 1458 quod
2241 1372 2445 1461 pluri-

321 1476 447 1541 bus
491 1499 560 1542 se
593 1475 952 1540 ostendisse
987 1473 1143 1540 dicit
1181 1475 1248 1539 in
1281 1475 1855 1540 Dissertationibus
1888 1473 2145 1540 ineditis
2176 1475 2261 1540 de
2284 1479 2449 1542 Cor-

323 1582 499 1646 nelio
546 1582 734 1647 Gallo
777 1598 965 1670 poeta
986 1629 1005 1664 ,
1049 1603 1210 1670 quas
1256 1580 1492 1646 deinde
1533 1581 1807 1646 inseruit
1846 1582 2142 1646 Historiae
2183 1573 2447 1650 Literar.

322 1688 753 1777 Aquileiensi,
785 1688 902 1753 uhi
936 1687 1068 1754 vid.
1097 1711 1340 1777 αμα,
1372 1711 1438 1776 p.
1464 1687 1573 1752 36.
1600 1689 1699 1752 De
1730 1687 1863 1752 aliis
1893 1689 2099 1776 poetis
2129 1690 2412 1778 antiquis
2430 1740 2450 1772 ,

322 1795 441 1882 qui
506 1794 802 1861 Medeam
863 1792 1234 1884 tragoediam
1303 1793 1701 1882 scripserunt
1726 1839 1745 1874 ,
1798 1791 1946 1856 vide
2021 1810 2242 1858 notata
2310 1795 2449 1862 Pet.

321 1900 544 1964 Burm.
566 1899 650 1965 ad
666 1899 1062 1964 Ovid.Trist.
1097 1898 1184 1981 11,
1216 1897 1281 1980 5,
1313 1897 1464 1985 387,
1507 1915 1572 1962 et
1610 1897 1692 1962 de
1722 1897 1905 1962 Statii
1936 1897 2163 1963 Medea
2194 1900 2451 1966 Gevart.

321 2005 500 2069 Lect.
535 2005 762 2095 Papin.
809 2028 952 2094 pag.
999 2003 1099 2070 15.
1147 2005 1436 2068 Ennium
1473 2025 1739 2092 quoque
1777 2002 2071 2068 Medeam
2093 2054 2112 2087 ,
2144 2029 2223 2070 ex
2260 2007 2452 2071 Euri·-

324 2109 477 2200 pide
514 2133 910 2200 expressam,
946 2111 1402 2199 conscripsisse
1421 2160 1439 2193 ‚
1487 2127 1719 2175 notum
1762 2127 1861 2177 est
1876 2160 1903 2195 ,.
1928 2135 2125 2199 quam
2157 2113 2453 2178 Medeam

320 2215 610 2280 exsulem
640 2217 1013 2305 inscriptam
1050 2215 1248 2280 fuisse
1283 2239 1362 2280 ex
1395 2216 1617 2280 Nonio
1654 2216 1959 2280 Marcello
1992 2215 2183 2280 docet
2208 2217 2449 2284 Victor.

321 2321 408 2389 ad
443 2321 576 2388 Cic.
611 2322 812 2411 Epist.
839 2320 922 2387 ad
954 2321 1177 2388 Famil.
1193 2321 1353 2404 vn,
1395 2321 1470 2404 63
1520 2345 1607 2387 ne
1645 2320 1818 2411 quid·
1856 2321 2147 2388 dieamus
2179 2321 2260 2388 de
2296 2325 2451 2394 Attii

327 2428 592 2513 Medea,
624 2430 810 2513 cujus
854 2428 1218 2519 fragmenta
1265 2452 1418 2493 cum
1459 2429 1827 2518 Euripideis
1875 2431 2130 2522 egregie
2174 2433 2453 2497 contulit

319 2534 610 2625 Scaliger
631 2532 714 2600 ad
739 2536 1013 2599 Varron.
1043 2556 1187 2624 pag.
1217 2556 1360 2599 100.
